symbol,end_date,amend,period_focus,fiscal_year,doc_type,revenues,op_income,net_income,eps_basic,eps_diluted,dividend,assets,cur_assets,cur_liab,cash,equity,cash_flow_op,cash_flow_inv,cash_flow_fin
ACU,2016-12-31,False,FY,2016,10-K,124574000.0,8442056.0,5850998.0,1.76,1.64,0.4,92066092.0,65463194.0,12819748.0,5910770.0,46120346.0,8857211.0,-8810104.0,3470827.0
AIII,2016-12-31,False,FY,2016,10-K,,,-3419757.0,-0.16,-0.16,0.0,21047523.0,,,16638702.0,20349266.0,-3236213.0,,
ACY,2016-12-31,False,FY,2016,10-K,28716300.0,,1221700.0,0.78,0.78,0.0,218736100.0,,,2194400.0,42500200.0,11344500.0,-29129700.0,17258600.0
BVX,2016-12-31,False,FY,2016,10-K,36627000.0,-3792000.0,-3950000.0,-0.14,-0.15,0.0,35110000.0,26539000.0,5272000.0,14456000.0,26223000.0,-2837000.0,-286000.0,5774000.0
LODE,2016-12-31,False,FY,2016,10-K,5070217.0,-10213344.0,-12964704.0,-0.07,-0.07,0.0,33843031.0,7964371.0,2424154.0,184359.0,14416589.0,-2597933.0,2561535.0,-1442413.0
CMT,2016-12-31,False,FY,2016,10-K,174882000.0,,7411000.0,0.97,0.97,0.0,134836000.0,61269000.0,21298000.0,28285000.0,96766000.0,26069000.0,-2863000.0,-3864000.0
GST,2016-12-31,False,FY,2016,10-K,58254000.0,-53846000.0,-103534000.0,-0.93,-0.93,0.0,300204000.0,105379000.0,29734000.0,71529000.0,-140435000.0,6737000.0,66480000.0,-51762000.0
HCHC,2016-12-31,False,FY,2016,10-K,1558126000.0,-1421000.0,-105398000.0,-2.83,-2.83,0.0,2835276000.0,22144000.0,14234000.0,115371000.0,67439000.0,79148000.0,-140218000.0,18788000.0
HH,2016-12-31,False,FY,2016,10-K,34271000.0,-7236000.0,-10324000.0,-1.15,-1.15,0.0,14254000.0,7478000.0,16801000.0,1866000.0,-2864000.0,-4400000.0,-364000.0,4639000.0
IMH,2016-12-31,False,FY,2016,10-K,297756000.0,59713000.0,46670000.0,3.54,3.31,0.0,4863734000.0,,,40096000.0,231040000.0,65476000.0,641901000.0,-699690000.0
NTN,2016-12-31,False,FY,2016,10-K,8913000.0,-2278000.0,-2923000.0,-1.54,-1.54,0.0,16695000.0,10662000.0,6643000.0,5686000.0,4068000.0,23000.0,-840000.0,3256000.0
SGA,2016-12-31,False,FY,2016,10-K,142591000.0,31462000.0,17861000.0,3.1,3.09,1.3,221020000.0,53794000.0,16045000.0,26640000.0,134982000.0,29333000.0,-15928000.0,-8379000.0
HTM,2016-12-31,False,FY,2016,10-K,31481675.0,8654461.0,463331.0,0.02,0.02,0.0,243424332.0,29581490.0,6515305.0,15287144.0,131558038.0,11566624.0,-15856276.0,10922421.0
APFH,2016-12-31,False,FY,2016,10-K,1568259000.0,183993000.0,136288000.0,1.9,1.9,0.28,1247011000.0,409657000.0,224693000.0,104440000.0,-301202000.0,198412000.0,-100628000.0,2151000.0
AMC,2016-12-31,False,FY,2016,10-K,3235846000.0,212858000.0,111667000.0,1.13,1.13,0.8,8641841000.0,683643000.0,1189190000.0,207073000.0,2009654000.0,431655000.0,-1354650000.0,918263000.0
AEO,2017-01-28,False,FY,2016,10-K,3609865000.0,331476000.0,212449000.0,1.17,1.16,0.5,1782660000.0,901229000.0,493783000.0,378613000.0,1204569000.0,365596000.0,-163022000.0,-85064000.0
AGR,2016-12-31,False,FY,2016,10-K,6018000000.0,1194000000.0,630000000.0,2.04,2.04,1.728,31309000000.0,2252000000.0,2712000000.0,91000000.0,15122000000.0,1561000000.0,-1527000000.0,-372000000.0
CPB,2017-01-29,False,Q2,2017,10-Q,2171000000.0,205000000.0,101000000.0,0.33,0.33,0.35,7570000000.0,1896000000.0,2436000000.0,309000000.0,1479000000.0,667000000.0,-132000000.0,-518000000.0
CRCM,2016-12-31,False,FY,2016,10-K,161754000.0,1631000.0,3145000.0,-0.12,-0.12,0.0,155224000.0,88211000.0,31252000.0,61094000.0,66949000.0,15111000.0,-15580000.0,598000.0
CBZ,2016-12-31,False,FY,2016,10-K,799832000.0,65787000.0,40065000.0,0.77,0.75,0.0,1118588000.0,441592000.0,339447000.0,3494000.0,480021000.0,71042000.0,-50014000.0,-18384000.0
CFI,2017-01-29,False,Q3,2017,10-Q,76169000.0,6935000.0,6347000.0,0.52,0.51,0.0,191056000.0,89502000.0,37966000.0,15659000.0,142314000.0,24237000.0,-40280000.0,-6112000.0
EGL,2016-12-31,False,FY,2016,10-K,2076423000.0,122466000.0,-10807000.0,-0.29,-0.29,0.0,2198559000.0,433130000.0,320839000.0,48236000.0,704805000.0,94405000.0,-21446000.0,-52881000.0
EVC,2016-12-31,False,FY,2016,10-K,258514000.0,48856000.0,20405000.0,0.23,0.22,0.13,517921000.0,131462000.0,34560000.0,61520000.0,183456000.0,57296000.0,-9553000.0,-34147000.0
ERA,2016-12-31,False,FY,2016,10-K,247228000.0,-3369000.0,-7978000.0,-0.39,-0.39,0.0,955173000.0,96370000.0,25623000.0,26950000.0,468417000.0,58504000.0,-12774000.0,-32986000.0
EXTN,2016-12-31,False,FY,2016,10-K,1029253000.0,,-227937000.0,-6.59,-6.59,0.0,1374778000.0,511958000.0,334134000.0,35678000.0,556771000.0,263489000.0,-24264000.0,-230747000.0
FMSA,2016-12-31,False,FY,2016,10-K,535013000.0,-179319000.0,-140192000.0,-0.78,-0.78,0.0,1202910000.0,353803000.0,74155000.0,194069000.0,251120000.0,-6592000.0,-26214000.0,54889000.0
AGM,2016-12-31,False,FY,2016,10-K,332368000.0,,64152000.0,6.12,5.97,0.0,15606020000.0,,,265229000.0,643647000.0,208588000.0,-593409000.0,-560034000.0
FGP,2017-01-31,False,Q2,2017,10-Q,579250000.0,75172000.0,38098000.0,0.39,0.39,0.0,1745620000.0,391279000.0,441815000.0,14710000.0,1100.0,39337000.0,-15214000.0,-14378000.0
GMS,2017-01-31,False,Q3,2017,10-Q,562523000.0,20151000.0,8227000.0,0.2,0.2,0.0,1394727000.0,543528000.0,205588000.0,10602000.0,499284000.0,36340000.0,-145305000.0,100495000.0
GLP,2016-12-31,False,FY,2016,10-K,8239639000.0,-152251000.0,-238623000.0,-5.91,-5.91,0.0,2564020000.0,1075466000.0,799225000.0,10028000.0,,-119886000.0,6447000.0,122351000.0
HPE,2017-01-31,False,Q1,2017,10-Q,11407000000.0,463000000.0,267000000.0,0.16,0.16,0.13,76662000000.0,25525000000.0,21686000000.0,9858000000.0,31574000000.0,-1464000000.0,-1157000000.0,-508000000.0
HRL,2017-01-29,False,Q1,2017,10-Q,2280227000.0,355362000.0,235147000.0,0.44,0.44,0.17,6366398000.0,2119586000.0,919762000.0,609821000.0,4575297000.0,177619000.0,105571000.0,-82189000.0
HZN,2016-12-31,False,FY,2016,10-K,649200000.0,6300000.0,-12360000.0,-0.66,-0.66,0.0,613370000.0,285990000.0,198130000.0,50240000.0,32060000.0,35410000.0,-108440000.0,100500000.0
IVC,2016-12-31,False,FY,2016,10-K,1047474000.0,-15215000.0,-42856000.0,-1.32,-1.32,0.045,903743000.0,409072000.0,220861000.0,124234000.0,422387000.0,-56613000.0,3649000.0,118549000.0
JONE,2016-12-31,False,FY,2016,10-K,127847000.0,-104266000.0,-45221000.0,-1.13,-1.13,0.0,1886700000.0,99322000.0,107807000.0,34642000.0,891451000.0,25700000.0,-130862000.0,117911000.0
KFY,2017-01-31,False,Q3,2017,10-Q,394195000.0,30542000.0,23670000.0,0.42,0.42,0.1,1996551000.0,774389000.0,407617000.0,351305000.0,1068002000.0,13691000.0,-12371000.0,89178000.0
KRO,2016-12-31,False,FY,2016,10-K,1364300000.0,81100000.0,43300000.0,0.37,0.37,0.6,1179600000.0,650400000.0,182100000.0,50700000.0,395000000.0,89600000.0,-53000000.0,-73300000.0
WLH,2016-12-31,False,FY,2016,10-K,1406040000.0,93968000.0,59696000.0,1.62,1.55,0.0,1998151000.0,,,42612000.0,763429000.0,21706000.0,5159000.0,-34456000.0
MYE,2016-12-31,False,FY,2016,10-K,558062000.0,16168000.0,1057000.0,0.03,0.03,0.54,381684000.0,141151000.0,79312000.0,7888000.0,93033000.0,33721000.0,-16089000.0,-17753000.0
NGS,2016-12-31,False,FY,2016,10-K,71654000.0,8430000.0,6469000.0,0.51,0.5,0.0,293524000.0,99759000.0,6500000.0,64094000.0,232954000.0,32771000.0,-4400000.0,191000.0
NSM,2016-12-31,False,FY,2016,10-K,1915000000.0,,19000000.0,0.19,0.19,0.0,19593000000.0,,,489000000.0,1683000000.0,971000000.0,-3738000000.0,2643000000.0
NL,2016-12-31,False,FY,2016,10-K,108920000.0,-983000.0,15325000.0,0.31,0.31,0.0,384992000.0,123499000.0,30743000.0,93162000.0,194270000.0,27699000.0,-30606000.0,168000.0
ODC,2017-01-31,False,Q2,2017,10-Q,65174000.0,5587000.0,4250000.0,1.1,0.58,0.165,206574000.0,92778000.0,29498000.0,17560000.0,120505000.0,9093000.0,-4446000.0,-5784000.0
OFG,2016-12-31,False,FY,2016,10-K,423411000.0,,45324000.0,1.03,1.03,0.24,6501824000.0,,,504833000.0,920411000.0,78512000.0,568061000.0,-672843000.0
OLP,2016-12-31,False,FY,2016,10-K,70588000.0,31693000.0,23423000.0,1.4,1.39,1.66,733445000.0,,,17420000.0,291927000.0,31405000.0,-80911000.0,54190000.0
OSGIQ,2016-12-31,False,FY,2016,10-K,462420000.0,-35182000.0,-293614000.0,-0.12,-0.12,0.48,1030497000.0,238316000.0,57528000.0,191089000.0,254332000.0,328860000.0,-5927000.0,-325822000.0
PFSI,2016-12-31,False,FY,2016,10-K,931887000.0,,66079000.0,2.98,2.94,0.0,5133902000.0,,,99367000.0,1399356000.0,-938522000.0,-34739000.0,967156000.0
PGTI,2016-12-31,False,FY,2016,10-K,458550000.0,59103000.0,23747000.0,0.49,0.47,0.0,436648000.0,122377000.0,22803000.0,39210000.0,132519000.0,46365000.0,-118987000.0,50339000.0
PQ,2016-12-31,False,FY,2016,10-K,66667000.0,-90353000.0,-96245000.0,-5.24,-5.24,0.0,144860000.0,48591000.0,86401000.0,28312000.0,-251095000.0,-56598000.0,-4908000.0,-58195000.0
PGEM,2016-12-31,False,FY,2016,10-K,1911844000.0,168496000.0,75487000.0,1.11,1.1,0.0,1257741000.0,450322000.0,274096000.0,51597000.0,4106000.0,145042000.0,-35818000.0,-168180000.0
SSNI,2016-12-31,False,FY,2016,10-K,311008000.0,-19924000.0,-21629000.0,-0.42,-0.42,0.0,447128000.0,378374000.0,363191000.0,50383000.0,-31536000.0,20762000.0,-33924000.0,-1608000.0
SXE,2016-12-31,False,FY,2016,10-K,548723000.0,,-94948000.0,-1.48,-1.48,0.0,1186076000.0,2517000.0,66639000.0,21226000.0,,50902000.0,-8904000.0,-32120000.0
TRK,2016-12-31,False,FY,2016,10-K,136900000.0,73347000.0,39545000.0,0.96,0.96,0.6,1498149000.0,127909000.0,94671000.0,79342000.0,797783000.0,113773000.0,-31850000.0,-84591000.0
SRLP,2016-12-31,False,FY,2016,10-K,2389998000.0,39533000.0,10166000.0,0.4,0.4,0.0,1012474000.0,653709000.0,451199000.0,2682000.0,,131744000.0,-44897000.0,-115129000.0
SGM,2016-12-31,False,FY,2016,10-K,175959000.0,,-3082000.0,-0.12,-0.12,0.0,1176742000.0,,,26258000.0,259949000.0,92700000.0,54625000.0,-153530000.0
TREC,2016-09-30,True,Q3,2016,10-Q,57142000.0,4128000.0,2799000.0,0.12,0.11,0.0,283506000.0,55012000.0,22849000.0,7587000.0,164553000.0,20074000.0,-27871000.0,-3239000.0
TREC,2016-06-30,True,Q2,2016,10-Q,48854000.0,5896000.0,10252000.0,0.42,0.41,0.0,276834000.0,56119000.0,20492000.0,9346000.0,161147000.0,13273000.0,-18394000.0,-4156000.0
TRMR,2016-12-31,False,FY,2016,10-K,166761000.0,-20579000.0,-20947000.0,-0.4,-0.4,0.0,154225000.0,124592000.0,68424000.0,43160000.0,78522000.0,-7070000.0,-2933000.0,-6332000.0
GTS,2016-12-31,False,FY,2016,10-K,2984806000.0,,17438000.0,0.71,0.71,0.0,2218999000.0,,,103428000.0,862486000.0,6471000.0,-86299000.0,-14562000.0
UBA,2017-01-31,False,Q1,2017,10-Q,29070000.0,9774000.0,3412000.0,0.16999999999999998,0.16999999999999998,0.265,944821000.0,,,5042000.0,596686000.0,11536000.0,-13584000.0,-181000.0
USDP,2016-12-31,False,FY,2016,10-K,111125000.0,32640000.0,24172000.0,,,0.0,305967000.0,34565000.0,37168000.0,11705000.0,,53076000.0,-93000.0,-51298000.0
MTN,2017-01-31,False,Q2,2017,10-Q,725198000.0,252278000.0,149179000.0,3.72,3.63,0.81,3982467000.0,373714000.0,630770000.0,140909000.0,1680569000.0,316918000.0,-591821000.0,348285000.0
PAY,2017-01-31,False,Q1,2017,10-Q,453871000.0,-4435000.0,-16623000.0,-0.15,-0.15,0.0,2443284000.0,731005000.0,515217000.0,146995000.0,841927000.0,44654000.0,-18353000.0,-26946000.0
YUME,2016-12-31,False,FY,2016,10-K,160411000.0,-7435000.0,-7721000.0,-0.22,-0.22,0.0,137379000.0,115213000.0,39492000.0,34700000.0,97243000.0,18662000.0,4799000.0,-6708000.0
ACTG,2016-12-31,False,FY,2016,10-K,152699000.0,-37409000.0,-54067000.0,-1.08,-1.08,0.0,296003000.0,188490000.0,28191000.0,127540000.0,267443000.0,34061000.0,-40630000.0,-1114000.0
ADXS,2017-01-31,False,Q1,2017,10-Q,3790842.0,-17185521.0,-17081003.0,-0.43,-0.43,0.0,152193828.0,142188541.0,25309667.0,57566606.0,107368501.0,-14097168.0,-41211268.0,124062.0
ADVM,2016-12-31,False,FY,2016,10-K,7099000.0,-115284000.0,-113747000.0,-3.14,-3.14,0.0,234583000.0,225274000.0,9896000.0,222170000.0,215600000.0,-38366000.0,38775000.0,556000.0
AERI,2016-12-31,False,FY,2016,10-K,,-96872000.0,-99059000.0,-3.4,-3.4,0.0,248254000.0,237690000.0,19371000.0,197945000.0,105344000.0,-79840000.0,18100000.0,168625000.0
ABTX,2016-12-31,False,FY,2016,10-K,108046000.0,,22851000.0,1.78,1.75,0.0,2450948000.0,,,94073000.0,279817000.0,27435000.0,-408494000.0,374726000.0
AIQ,2016-12-31,False,FY,2016,10-K,505549000.0,,493000.0,0.05,0.04,0.0,659864000.0,113158000.0,106363000.0,22241000.0,-9503000.0,108782000.0,-92251000.0,-32360000.0
TGLS,2016-12-31,False,FY,2016,10-K,305016000.0,47848000.0,23180000.0,0.79,0.77,0.0,394730000.0,210736000.0,78386000.0,26918000.0,113565000.0,-3085000.0,-24709000.0,31542000.0
ANAT,2016-12-31,False,FY,2016,10-K,3227951000.0,,181003000.0,6.73,6.71,3.26,24533222000.0,,,289338000.0,4661495000.0,401577000.0,-555248000.0,132079000.0
AAOI,2016-12-31,False,FY,2016,10-K,260713000.0,23020000.0,31234000.0,1.82,1.76,0.0,322318000.0,157552000.0,59973000.0,50224000.0,227384000.0,57104000.0,-41543000.0,4642000.0
AQXP,2016-12-31,False,FY,2016,10-K,,,-37002000.0,-1.96,-1.96,0.0,154380000.0,103485000.0,9519000.0,32301000.0,144664000.0,-30226000.0,-48058000.0,71112000.0
AREX,2016-12-31,False,FY,2016,10-K,90302000.0,-44866000.0,-52243000.0,-1.26,-1.26,0.0,1104555000.0,12494000.0,26369000.0,21000.0,562952000.0,26081000.0,-23890000.0,-2770000.0
ARQL,2016-12-31,False,FY,2016,10-K,4709000.0,-22896000.0,-22718000.0,-0.33,-0.33,0.0,32380000.0,31948000.0,8700000.0,15267000.0,23680000.0,-22937000.0,8866000.0,15355000.0
ARTNA,2016-12-31,False,FY,2016,10-K,79089000.0,18819000.0,12954000.0,1.42,1.41,0.8997,450976000.0,14635000.0,19328000.0,226000.0,139023000.0,29779000.0,-28155000.0,-1607000.0
ATHX,2016-12-31,False,FY,2016,10-K,17347000.0,-15026000.0,-15337000.0,-0.18,-0.18,0.0,19060000.0,16280000.0,6875000.0,14753000.0,11181000.0,-10931000.0,-1067000.0,3724000.0
ATRA,2016-12-31,False,FY,2016,10-K,,-81242000.0,-79049000.0,-2.75,-2.75,0.0,263914000.0,260553000.0,9675000.0,47968000.0,253736000.0,-60025000.0,83741000.0,506000.0
ABTL,2016-12-31,False,FY,2016,10-K,156684000.0,6128000.0,3871000.0,0.36,0.29,0.0,165281000.0,77967000.0,29172000.0,38512000.0,119609000.0,18242000.0,-2774000.0,-949000.0
RILY,2016-12-31,False,FY,2016,10-K,190351000.0,48725000.0,21526000.0,1.19,1.17,0.28,264618000.0,157981000.0,83663000.0,112105000.0,150392000.0,80280000.0,-36872000.0,40404000.0
BSF,2016-12-31,False,FY,2016,10-K,92097000.0,,17459000.0,0.46,0.46,0.075,2053175000.0,,,33869000.0,233427000.0,24452000.0,-114503000.0,116709000.0
BELFB,2016-12-31,False,FY,2016,10-K,500153000.0,-76512000.0,-64834000.0,-10.73,-10.73,0.07,426740000.0,255442000.0,92327000.0,73411000.0,158434000.0,38603000.0,-2384000.0,-47478000.0
BIOL,2016-12-31,False,FY,2016,10-K,51810000.0,-14962000.0,-17555000.0,-0.29,-0.29,0.0,41941000.0,33987000.0,18014000.0,8924000.0,22065000.0,-10647000.0,-1414000.0,9350000.0
BKEP,2016-12-31,False,FY,2016,10-K,177394000.0,6491000.0,-4840000.0,-0.87,-0.87,0.0,375663000.0,26457000.0,20541000.0,3304000.0,,52849000.0,-159563000.0,106980000.0
BPMC,2016-12-31,False,FY,2016,10-K,27772000.0,,-72495000.0,-2.64,-2.64,0.0,282795000.0,220425000.0,28512000.0,52069000.0,213078000.0,-24513000.0,-218702000.0,132577000.0
AVGO,2017-01-29,False,Q1,2017,10-Q,4139000000.0,506000000.0,239000000.0,0.6,0.57,1.02,49617000000.0,7350000000.0,2122000000.0,3536000000.0,22010000000.0,1353000000.0,-319000000.0,-595000000.0
BDGE,2016-12-31,False,FY,2016,10-K,153762000.0,,34759000.0,2.01,2.0,0.92,4054570000.0,,,102280000.0,407987000.0,44236000.0,-279545000.0,244589000.0
BLMT,2016-12-31,False,FY,2016,10-K,64371000.0,,11791000.0,1.38,1.33,0.0,2158704000.0,,,2211000.0,160921000.0,-157000.0,-339636000.0,180000.0
BMTC,2016-12-31,False,FY,2016,10-K,0.0,,36036000.0,2.14,2.12,0.82,3421530000.0,,,16559000.0,381127000.0,54228000.0,-15000000.0,-20629000.0
PRSS,2016-12-31,False,FY,2016,10-K,102208000.0,-27384000.0,-26470000.0,-1.58,-1.58,0.0,62920000.0,51303000.0,18286000.0,19980000.0,44468000.0,-1846000.0,-9256000.0,-1581000.0
CVGW,2017-01-31,False,Q1,2017,10-Q,226554000.0,8098000.0,5249000.0,0.3,0.3,0.0,347025000.0,123777000.0,124374000.0,7586000.0,219165000.0,1689000.0,-32715000.0,24770000.0
CARA,2016-12-31,False,FY,2016,10-K,86000.0,-58400000.0,-57280000.0,-2.1,-2.1,0.0,63828000.0,61445000.0,11533000.0,12092000.0,50725000.0,-47381000.0,44249000.0,123000.0
CARO,2016-12-31,False,FY,2016,10-K,90211000.0,,17570000.0,1.45,1.42,0.0,1683736000.0,,,9761000.0,163190000.0,28764000.0,-185570000.0,154531000.0
CEVA,2016-12-31,False,FY,2016,10-K,72653000.0,14386000.0,13100000.0,0.63,0.61,0.0,242495000.0,144712000.0,22595000.0,18401000.0,211551000.0,14459000.0,-21030000.0,6198000.0
CTHR,2016-12-31,False,FY,2016,10-K,29168128.0,-3936818.0,-4525761.0,-0.22,-0.22,0.0,40505776.0,20674188.0,4608256.0,7427273.0,34868621.0,2209123.0,-58455.0,2300.0
CHUY,2016-12-25,False,FY,2016,10-K,330613000.0,24341000.0,17244000.0,1.03,1.02,0.0,240728000.0,27689000.0,28106000.0,13694000.0,157065000.0,42638000.0,-41885000.0,4412000.0
CCNE,2016-12-31,False,FY,2016,10-K,10130000.0,,20411000.0,1.42,1.42,0.66,2573821000.0,,,26937000.0,211784000.0,26764000.0,-150883000.0,126041000.0
CDXS,2016-12-31,False,FY,2016,10-K,48837000.0,-8564000.0,-8558000.0,-0.21,-0.21,0.0,35648000.0,27227000.0,12367000.0,19240000.0,19099000.0,-2701000.0,-842000.0,-490000.0
COLL,2016-12-31,False,FY,2016,10-K,1711000.0,-94082000.0,-94176000.0,-3.88,-3.88,0.0,162017000.0,158575000.0,25596000.0,153225000.0,134908000.0,-75053000.0,-2977000.0,135558000.0
CBAN,2016-12-31,False,FY,2016,10-K,9822796.0,,7179900.0,0.85,0.84,0.0,1210441617.0,,,28822104.0,93387733.0,13388491.0,-35373579.0,28550546.0
CVGI,2016-12-31,False,FY,2016,10-K,662112000.0,25383000.0,6785000.0,0.23,0.23,0.0,428765000.0,308948000.0,106255000.0,130160000.0,67690000.0,49365000.0,-8903000.0,-714000.0
CNOB,2016-12-31,False,FY,2016,10-K,171161000.0,,31060000.0,1.02,1.01,0.3,4426348000.0,,,37150000.0,531032000.0,49712000.0,-427669000.0,377461000.0
COST,2017-02-12,False,Q2,2017,10-Q,29130000000.0,844000000.0,515000000.0,1.17,1.17,0.45,35630000000.0,17460000000.0,18860000000.0,4744000000.0,12712000000.0,3286000000.0,-1052000000.0,-825000000.0
CRVS,2016-12-31,False,FY,2016,10-K,,-36976000.0,-36375000.0,-2.36,-2.36,0.0,140150000.0,136033000.0,5944000.0,5050000.0,132801000.0,-27857000.0,-42556000.0,71358000.0
CRSP,2016-12-31,False,FY,2016,10-K,5164000.0,-68130000.0,-23177000.0,-1.89,-1.89,0.0,344962000.0,320188000.0,21998000.0,315520000.0,232846000.0,-55310000.0,31884000.0,183220000.0
CRIS,2016-12-31,False,FY,2016,10-K,7527000.0,-58039000.0,-60411000.0,-0.45,-0.45,0.0,57752000.0,48201000.0,13547000.0,26038000.0,29266000.0,-35811000.0,30124000.0,-1366000.0
DZSI,2016-09-30,True,Q3,2016,10-Q,32080000.0,-4900000.0,-4600000.0,-0.42,-0.42,0.0,154552000.0,130653000.0,66261000.0,33563000.0,77577000.0,13188000.0,5256000.0,3512000.0
CRDS,2017-01-31,False,Q1,2017,10-Q,0.0,-847000.0,-444000.0,-0.36,-0.36,0.0,4618000.0,4511000.0,1960000.0,2005000.0,2658000.0,-902000.0,0.0,-136000.0
DMTX,2016-12-31,False,FY,2016,10-K,11471000.0,-49050000.0,-49001000.0,-1.97,-1.97,0.0,93865000.0,85318000.0,20639000.0,30234000.0,59941000.0,-47644000.0,-54312000.0,5143000.0
DGICA,2016-12-31,False,FY,2016,10-K,688423020.0,,30801137.0,2.25,2.2199999999999998,0.0,1623131037.0,,,24587214.0,438615320.0,60030122.0,-51318346.0,-12263706.0
BOOM,2016-12-31,False,FY,2016,10-K,158575000.0,-5274000.0,-6505000.0,-0.46,-0.46,0.08,162555000.0,73359000.0,30747000.0,6419000.0,112409000.0,18198000.0,-5702000.0,-12107000.0
LOCO,2016-12-28,False,FY,2016,10-K,380123000.0,34629000.0,18339000.0,0.48,0.47,0.0,471305000.0,35885000.0,45318000.0,2168000.0,265182000.0,49299000.0,-35202000.0,-18030000.0
ENG,2016-12-31,False,FY,2016,10-K,59224000.0,-3238000.0,-2342000.0,-0.08,-0.08,0.0,44436000.0,29816000.0,7616000.0,15687000.0,36806000.0,9565000.0,51000.0,-1735000.0
ERII,2016-12-31,False,FY,2016,10-K,49715000.0,357000.0,1034000.0,0.02,0.02,0.0,149063000.0,122369000.0,17158000.0,61364000.0,65133000.0,4965000.0,-40706000.0,-2785000.0
FALC,2016-12-31,False,FY,2016,10-K,30263346.0,-10290374.0,-12958130.0,-0.3,-0.3,0.0,17280745.0,9646766.0,20127010.0,3391528.0,-21702577.0,-9423496.0,7133126.0,0.0
FFKT,2016-12-31,False,FY,2016,10-K,31351000.0,,16605000.0,2.21,2.21,0.31,1671030000.0,,,25666000.0,184066000.0,20740000.0,87151000.0,-114850000.0
FCSC,2016-12-31,False,FY,2016,10-K,355000.0,-26479000.0,-15292000.0,-0.35,-0.39,0.0,19582000.0,18028000.0,2987000.0,17515000.0,7861000.0,-29390000.0,-252000.0,17889000.0
FNSR,2017-01-29,False,Q3,2017,10-Q,380588000.0,54906000.0,46386000.0,0.42,0.4,0.0,2391671000.0,1885661000.0,264603000.0,240593000.0,1414571000.0,161013000.0,-803270000.0,583629000.0
FNLC,2016-12-31,False,FY,2016,10-K,66258000.0,,18009000.0,1.68,1.66,1.03,1712875000.0,,,17366000.0,172521000.0,21646000.0,-148633000.0,130054000.0
FBIZ,2016-12-31,False,FY,2016,10-K,96105000.0,,14690000.0,1.71,1.71,0.48,1780699000.0,,,14596000.0,161650000.0,26162000.0,-44308000.0,-17901000.0
THFF,2016-12-31,False,FY,2016,10-K,156311000.0,,38413000.0,3.12,3.12,1.0,2988527000.0,,,75012000.0,414395000.0,32738000.0,0.0,-31755000.0
FFNW,2016-12-31,False,FY,2016,10-K,2651000.0,,8892000.0,0.75,0.74,0.0024,1037584000.0,,,5779000.0,138125000.0,17269000.0,-136282000.0,44654000.0
FLXN,2016-12-31,False,FY,2016,10-K,,-69780292.0,-71893959.0,-2.84,-2.84,0.0,226262174.0,209393574.0,17540093.0,30915374.0,187031956.0,-62471768.0,-132753103.0,163196201.0
FORR,2016-12-31,False,FY,2016,10-K,326095000.0,30774000.0,17651000.0,0.98,0.97,0.72,335785000.0,223436000.0,177474000.0,76958000.0,150036000.0,41858000.0,-17865000.0,2506000.0
FCEL,2017-01-31,False,Q1,2017,10-Q,17002000.0,-10928000.0,-14485000.0,-0.39,-0.39,0.0,328224000.0,180481000.0,46247000.0,57646000.0,105682000.0,-24847000.0,-8797000.0,16694000.0
GABC,2016-12-31,False,FY,2016,10-K,135378000.0,,35184000.0,2.36,2.36,0.72,2955994000.0,,,64816000.0,330267000.0,41913000.0,-71689000.0,42583000.0
GBLI,2016-12-31,False,FY,2016,10-K,534514000.0,,49868000.0,2.89,2.84,0.0,1972946000.0,,,75110000.0,797951000.0,-24396000.0,42161000.0,-9692000.0
GWRS,2016-12-31,False,FY,2016,10-K,29799000.0,5270000.0,-2852000.0,-0.15,-0.15,0.26,238819000.0,24740000.0,10901000.0,20498000.0,15191000.0,1895000.0,-6167000.0,13257000.0
GLUU,2016-12-31,False,FY,2016,10-K,200581000.0,-81990000.0,-87440000.0,-0.66,-0.66,0.0,339504000.0,155030000.0,84340000.0,102102000.0,232814000.0,-19784000.0,-51544000.0,-6785000.0
HNRG,2016-12-31,False,FY,2016,10-K,281450000.0,,12205000.0,0.42,0.42,0.0,528506000.0,79933000.0,45752000.0,9788000.0,216890000.0,60918000.0,-49316000.0,-17744000.0
HALL,2016-12-31,False,FY,2016,10-K,375952000.0,,6526000.0,0.35,0.34,0.0,1162460000.0,,,79632000.0,265736000.0,30854000.0,-58233000.0,-7435000.0
HRMN,2016-12-31,False,FY,2016,10-K,,-689568.0,-434698.0,-0.1,-0.1,0.0,117551889.0,44280.0,130900.0,23865.0,5000002.0,-483142.0,122016.0,60000.0
HFWA,2016-12-31,False,FY,2016,10-K,170131000.0,,38918000.0,1.3,1.3,0.72,3878981000.0,,,77117000.0,481763000.0,53980000.0,-252926000.0,176051000.0
HMNF,2016-12-31,False,FY,2016,10-K,35550000.0,,6350000.0,1.52,1.34,0.0,682023000.0,,,27561000.0,75919000.0,25513000.0,-50365000.0,12631000.0
HMST,2016-12-31,False,FY,2016,10-K,3639000.0,,58151000.0,2.36,2.34,0.0,6243700000.0,,,53932000.0,629284000.0,-44813000.0,-819272000.0,885333000.0
HDSN,2016-12-31,False,FY,2016,10-K,105481000.0,18947000.0,10637000.0,0.31,0.3,0.0,122470000.0,108176000.0,10301000.0,33931000.0,112017000.0,9348000.0,-1733000.0,25058000.0
HURC,2017-01-31,False,Q1,2017,10-Q,48744000.0,1419000.0,874000.0,0.13,0.13,0.09,251827000.0,217988000.0,56217000.0,55140000.0,186548000.0,15520000.0,-1280000.0,-589000.0
IFON,2016-12-31,False,FY,2016,10-K,39140000.0,-2350000.0,-2835000.0,-0.2,-0.2,0.0,16026000.0,15510000.0,5436000.0,2200000.0,10590000.0,718000.0,-62000.0,
INWK,2016-12-31,False,FY,2016,10-K,1090704000.0,19563000.0,4370000.0,0.08,0.08,0.0,590999000.0,321700000.0,205688000.0,30924000.0,264626000.0,10525000.0,-13319000.0,3570000.0
ISTR,2016-12-31,False,FY,2016,10-K,8462000.0,,7880000.0,1.11,1.1,0.04,1158960000.0,,,29448000.0,112757000.0,37304000.0,-151966000.0,123144000.0
ITIC,2016-12-31,False,FY,2016,10-K,138492414.0,,19523118.0,10.23,10.19,0.72,228938122.0,,,27928472.0,155135954.0,22534969.0,-8838598.0,-7557967.0
NVIV,2016-12-31,False,FY,2016,10-K,,-24063000.0,-23438000.0,-0.76,-0.76,0.0,34784000.0,33853000.0,4848000.0,21464000.0,28949000.0,-16740000.0,-6508000.0,29792000.0
IRMD,2016-12-31,False,FY,2016,10-K,32496548.0,10920054.0,7214545.0,0.67,0.6,0.0,37194484.0,34168272.0,3661881.0,17713871.0,31889125.0,9406320.0,-1941781.0,-9118782.0
MAYS,2017-01-31,False,Q2,2017,10-Q,4824881.0,508777.0,323562.0,0.16,0.16,0.0,63395354.0,6857206.0,3174048.0,5022595.0,48769753.0,2003888.0,-1137396.0,-1072723.0
KMPH,2016-12-31,False,FY,2016,10-K,,-37482000.0,-16516000.0,-1.13,-1.13,0.0,84887000.0,74357000.0,6642000.0,16762000.0,-18696000.0,-29772000.0,-46947000.0,61163000.0
KVHI,2016-12-31,False,FY,2016,10-K,176122000.0,-1322000.0,-7517000.0,-0.47,-0.47,0.0,199757000.0,108832000.0,39643000.0,26422000.0,106502000.0,18699000.0,-8724000.0,-4373000.0
LMAT,2016-12-31,False,FY,2016,10-K,89151000.0,16336000.0,10590000.0,0.57,0.55,0.18,101924000.0,59027000.0,10482000.0,24288000.0,87500000.0,16896000.0,-17211000.0,-2577000.0
LHCG,2016-12-31,False,FY,2016,10-K,936621000.0,70562000.0,36583000.0,2.08,2.07,0.0,614071000.0,149741000.0,80467000.0,3264000.0,401552000.0,67472000.0,-50380000.0,-19967000.0
TAX,2017-01-31,False,Q3,2017,10-Q,48423000.0,5105000.0,2278000.0,0.18,0.18,0.16,297751000.0,199602000.0,44540000.0,3459000.0,89248000.0,-62045000.0,-65709000.0,121439000.0
LBIO,2016-12-31,False,FY,2016,10-K,0.0,-53639000.0,-102348000.0,-1.85,-1.85,0.0,171886000.0,169512000.0,4968000.0,106717000.0,166918000.0,-32668000.0,8894000.0,96904000.0
LINC,2016-12-31,False,FY,2016,10-K,196910000.0,-5163000.0,-28304000.0,-1.21,-1.21,0.0,163207000.0,66297000.0,68030000.0,21064000.0,54926000.0,-6107000.0,-2182000.0,-9067000.0
LOB,2016-12-31,False,FY,2016,10-K,150811000.0,,13773000.0,0.4,0.39,0.0,1755261000.0,,,238008000.0,222847000.0,-221950000.0,-320069000.0,677420000.0
LPSN,2016-12-31,False,FY,2016,10-K,222779000.0,-19409000.0,-25873000.0,-0.46,-0.46,0.0,219638000.0,92151000.0,74683000.0,50889000.0,138476000.0,24560000.0,-11452000.0,-7068000.0
MBTF,2016-12-31,False,FY,2016,10-K,57372000.0,,14501000.0,0.64,0.63,0.64,1357283000.0,,,18183000.0,141114000.0,16778000.0,-46708000.0,3152000.0
MNTX,2016-12-31,False,FY,2016,10-K,288959000.0,-1715000.0,-35160000.0,-2.18,-2.18,0.0,317985000.0,151164000.0,96705000.0,6418000.0,99562000.0,-4188000.0,18443000.0,-16754000.0
MSFG,2016-12-31,False,FY,2016,10-K,56787000.0,,38323000.0,1.66,1.64,0.61,4080257000.0,,,75778000.0,449494000.0,47262000.0,-179227000.0,150939000.0
MEET,2016-12-31,False,FY,2016,10-K,76124109.0,19222639.0,46268618.0,0.89,0.8,0.0,209489484.0,47079052.0,14400895.0,21852531.0,195088589.0,25922895.0,-30941011.0,7939271.0
MEMP,2016-12-31,False,FY,2016,10-K,284580000.0,-436539000.0,-540398000.0,-6.48,-6.48,0.0,1973254000.0,132584000.0,1713777000.0,15373000.0,,408626000.0,-16442000.0,-377410000.0
MSBI,2016-12-31,False,FY,2016,10-K,72057000.0,,31542000.0,2.22,2.17,0.72,3233723000.0,,,189543000.0,321808000.0,25543000.0,-360350000.0,313048000.0
MRTX,2016-12-31,False,FY,2016,10-K,,-83779000.0,-83118000.0,-4.2,-4.2,0.0,63444000.0,59555000.0,15002000.0,22383000.0,48309000.0,-68017000.0,38255000.0,2652000.0
MDSY,2016-12-31,False,FY,2016,10-K,10981000.0,-12652000.0,-12263000.0,-0.66,-0.66,0.0,19758000.0,3207000.0,3179000.0,410000.0,14301000.0,-831000.0,-271000.0,33000.0
MOCO,2016-12-31,False,FY,2016,10-K,63311000.0,6295000.0,5000000.0,0.86,0.86,0.44,48448000.0,27162000.0,10715000.0,8313000.0,36451000.0,7307000.0,-275000.0,-4967000.0
MRVC,2016-12-31,False,FY,2016,10-K,80315000.0,-11049000.0,-11637000.0,-1.69,-1.69,0.0,56260000.0,51718000.0,24083000.0,25116000.0,28699000.0,-7210000.0,8761000.0,-2698000.0
MYRG,2016-12-31,False,FY,2016,10-K,1142487000.0,38754000.0,21431000.0,1.25,1.23,0.0,573495000.0,357591000.0,228314000.0,23846000.0,263174000.0,54490000.0,-34128000.0,-35539000.0
NSTG,2016-12-31,False,FY,2016,10-K,69134000.0,-41176000.0,-47089000.0,-2.34,-2.34,0.0,126373000.0,113785000.0,36383000.0,20583000.0,12305000.0,-6079000.0,-30261000.0,35093000.0
FIZZ,2017-01-28,False,Q3,2017,10-Q,194564000.0,,24285000.0,0.52,0.52,0.0,316794000.0,231379000.0,78433000.0,105666000.0,216446000.0,81419000.0,-11819000.0,-69511000.0
NCOM,2016-12-31,False,FY,2016,10-K,74563000.0,,17853000.0,1.64,1.61,0.0,1950784000.0,,,35897000.0,237044000.0,29482000.0,-187161000.0,162515000.0
NWLI,2016-12-31,False,FY,2016,10-K,682368000.0,92397000.0,100892000.0,42.8,42.8,0.0,11894981000.0,,,51247000.0,1721828000.0,309143000.0,-309565000.0,-54087000.0
NIHD,2016-12-31,False,FY,2016,10-K,985046000.0,-1526829000.0,-1553873000.0,-15.52,-15.52,0.0,1418509000.0,773485000.0,893173000.0,257380000.0,166022000.0,-45205000.0,54450000.0,-93004000.0
NWPX,2016-12-31,False,FY,2016,10-K,156256000.0,-13533000.0,-9263000.0,-0.97,-0.97,0.0,241555000.0,112180000.0,18555000.0,21829000.0,209213000.0,1519000.0,11655000.0,-1654000.0
NTNX,2017-01-31,False,Q2,2017,10-Q,182195000.0,-92290000.0,-93212000.0,-0.66,-0.66,0.0,670717000.0,543799000.0,294535000.0,226006000.0,131883000.0,23912000.0,-68510000.0,171395000.0
NVEE,2016-12-31,False,FY,2016,10-K,266801000.0,,11607000.0,1.27,1.22,0.0,223659000.0,115224000.0,43621000.0,35666000.0,148161000.0,15213000.0,-46796000.0,43773000.0
OCUL,2016-12-31,False,FY,2016,10-K,1887000.0,-43326000.0,-44703000.0,-1.8,-1.8,0.0,74939000.0,69898000.0,8300000.0,32936000.0,52008000.0,-34001000.0,35568000.0,585000.0
OMEX,2016-12-31,False,FY,2016,10-K,4683035.0,-10550893.0,-6316021.0,-0.84,-0.84,0.0,5083665.0,2755911.0,27207279.0,1662643.0,-31102865.0,-8305192.0,70316.0,7656202.0
OMED,2016-12-31,False,FY,2016,10-K,25153000.0,-103387000.0,-103102000.0,-3.14,-3.14,0.0,195482000.0,189583000.0,55853000.0,36953000.0,-23028000.0,-36936000.0,-29703000.0,65148000.0
PMBC,2016-12-31,False,FY,2016,10-K,43937000.0,,-34643000.0,-1.51,-1.51,0.0,1140689000.0,,,16789000.0,99719000.0,4346000.0,-92337000.0,112915000.0
PKOH,2016-12-31,False,FY,2016,10-K,1276900000.0,69200000.0,31700000.0,2.62,2.58,0.5,974300000.0,552700000.0,241900000.0,64300000.0,236000000.0,72900000.0,-51900000.0,-17200000.0
PSTB,2016-12-31,False,FY,2016,10-K,140910000.0,,19948000.0,0.38,0.38,0.0,3255395000.0,,,34162000.0,355844000.0,32487000.0,-666045000.0,646646000.0
PDFS,2016-12-31,False,FY,2016,10-K,107461000.0,12966000.0,9103000.0,0.29,0.28,0.0,222329000.0,170279000.0,18522000.0,116787000.0,198803000.0,2000000.0,-11282000.0,30000.0
SKIS,2017-01-31,False,Q3,2017,10-Q,56385000.0,16715000.0,8165000.0,0.58,0.47,0.0,323002000.0,54187000.0,45834000.0,33881000.0,67507000.0,2135000.0,13620000.0,12730000.0
PWOD,2016-12-31,False,FY,2016,10-K,58926000.0,,12475000.0,2.64,2.64,1.88,1348590000.0,,,26766000.0,138249000.0,16113000.0,-10772000.0,15534000.0
PGTI,2016-12-31,False,FY,2016,10-K,458550000.0,59103000.0,23747000.0,0.49,0.47,0.0,436648000.0,122377000.0,22803000.0,39210000.0,132519000.0,46365000.0,-118987000.0,50339000.0
PUB,2016-12-31,False,FY,2016,10-K,89634000.0,,23610000.0,1.33,1.3,0.29,1665981000.0,,,67938000.0,228517000.0,25887000.0,-87818000.0,87520000.0
PLUG,2016-12-31,False,FY,2016,10-K,85928000.0,-51519000.0,-57591000.0,-0.32,-0.32,0.0,240832000.0,110933000.0,66485000.0,46014000.0,85088000.0,-29636000.0,-58075000.0,69885000.0
PLPM,2016-12-31,False,FY,2016,10-K,54337407.0,9821440.0,25072002.0,0.46,0.44,0.0,58583602.0,26288365.0,11550570.0,13305816.0,36262041.0,11223939.0,-1746222.0,-10847416.0
PLPC,2016-12-31,False,FY,2016,10-K,-23793000.0,21479000.0,15255000.0,2.95,2.95,0.8,340937000.0,189107000.0,55455000.0,30737000.0,223543000.0,25974000.0,-28469000.0,4389000.0
PGNX,2016-12-31,False,FY,2016,10-K,69429000.0,13104000.0,10806000.0,0.15,0.15,0.0,198986000.0,148101000.0,16357000.0,138909000.0,104762000.0,19209000.0,-3939000.0,49622000.0
PULM,2016-12-31,False,FY,2016,10-K,835000.0,-24866000.0,-27843000.0,-1.88,-1.88,0.0,16663000.0,4759000.0,4650000.0,4182000.0,8761000.0,-13243000.0,-431000.0,-1046000.0
QUIK,2017-01-01,False,FY,2016,10-K,11421000.0,-18802000.0,-19148000.0,-0.29,-0.29,0.0,21844000.0,18849000.0,9807000.0,14870000.0,11988000.0,-15259000.0,-1954000.0,12947000.0
QCRH,2016-12-31,False,FY,2016,10-K,137504610.0,,27686787.0,2.2,2.17,0.16,3301943748.0,,,70569993.0,286040799.0,43382821.0,-168975229.0,154420080.0
ROIA,2016-12-31,False,FY,2016,10-K,456219000.0,88144000.0,-423000.0,-0.01,-0.01,0.0,1358786000.0,199660000.0,92464000.0,45812000.0,-71126000.0,48249000.0,-42164000.0,-26680000.0
RGSE,2016-12-31,False,FY,2016,10-K,17425000.0,-11576000.0,-25328000.0,-187.18,-187.18,0.0,14373000.0,9855000.0,7269000.0,2940000.0,4978000.0,-12294000.0,-50000.0,14690000.0
REPH,2016-12-31,False,FY,2016,10-K,69337000.0,-25773000.0,-30205000.0,-2.82,-2.82,0.0,182997000.0,84758000.0,16261000.0,64483000.0,71613000.0,-3202000.0,-3770000.0,51676000.0
REGI,2016-12-31,False,FY,2016,10-K,2041232000.0,47175000.0,43453000.0,1.06,1.06,0.0,1136603000.0,462839000.0,233545000.0,116210000.0,610174000.0,75303000.0,-63765000.0,58174000.0
REIS,2016-12-31,False,FY,2016,10-K,47529755.0,,2780642.0,0.25,0.24,0.68,128144541.0,33027082.0,29062544.0,21490586.0,97179916.0,15802098.0,-13325189.0,-9644279.0
RBCA,2016-12-31,False,FY,2016,10-K,231501000.0,,45903000.0,4.24,4.23,0.825,4816309000.0,,,289309000.0,604406000.0,47672000.0,-296134000.0,327689000.0
RVLT,2016-12-31,False,FY,2016,10-K,172121000.0,1984000.0,-522000.0,-0.03,-0.03,0.0,217499000.0,99438000.0,48137000.0,883000.0,125713000.0,-6205000.0,-12930000.0,19799000.0
FRBK,2016-12-31,False,FY,2016,10-K,35000.0,,4945000.0,0.13,0.12,0.0,1923931000.0,,,34554000.0,215053000.0,-738000.0,-40203000.0,99901000.0
RCKY,2016-12-31,False,FY,2016,10-K,260258584.0,,-2139396.0,-0.29,-0.29,0.0,180572615.0,120412919.0,17719911.0,4480505.0,135093324.0,21298341.0,-5861715.0,-14363261.0
SALM,2016-12-31,False,FY,2016,10-K,274321000.0,28078000.0,8873000.0,0.34,0.34,0.26,590268000.0,55509000.0,39140000.0,130000.0,213846000.0,38866000.0,-15493000.0,-23341000.0
SBFG,2016-12-31,False,FY,2016,10-K,46940000.0,,7809000.0,1.6,1.38,0.0,816005000.0,,,17012000.0,86548000.0,14026000.0,-90727000.0,73254000.0
SCLN,2016-12-31,False,FY,2016,10-K,160096000.0,33235000.0,30729000.0,0.61,0.58,0.0,241898000.0,195733000.0,26441000.0,134395000.0,215365000.0,34527000.0,-3366000.0,1858000.0
SRTS,2016-12-31,False,FY,2016,10-K,14811175.0,-363119.0,-346448.0,-0.03,-0.03,0.0,18947080.0,16759118.0,3656650.0,5042477.0,15274179.0,-851024.0,-7852140.0,8680573.0
SHLO,2017-01-31,False,Q1,2017,10-Q,247938000.0,3006000.0,-2018000.0,-0.11,-0.11,0.0,608439000.0,275984000.0,206941000.0,6020000.0,132081000.0,26624000.0,-9073000.0,-20556000.0
SAMG,2016-12-31,False,FY,2016,10-K,80262000.0,14636000.0,5015000.0,0.62,0.62,0.48,112281000.0,,,37517000.0,66084000.0,17978000.0,-284000.0,-11739000.0
SMTX,2017-01-01,False,FY,2016,10-K,167868000.0,843000.0,-232000.0,-0.01,-0.01,0.0,69004000.0,54497000.0,34248000.0,8503000.0,26487000.0,6861000.0,-1294000.0,-3163000.0
SMSI,2016-12-31,False,FY,2016,10-K,28235000.0,-15905000.0,-14512000.0,-1.21,-1.21,0.0,14308000.0,7917000.0,5508000.0,2229000.0,2504000.0,-11503000.0,1094000.0,3819000.0
OKSB,2016-12-31,False,FY,2016,10-K,105225000.0,,17704000.0,0.93,0.92,0.32,2475392000.0,,,36831000.0,286629000.0,26981000.0,-131535000.0,102075000.0
SPLS,2017-01-28,False,FY,2016,10-K,18247000000.0,-264000000.0,-1497000000.0,-2.31,-2.31,0.48,8271000000.0,5231000000.0,3650000000.0,1137000000.0,3696000000.0,934000000.0,-311000000.0,-318000000.0
STRL,2016-12-31,False,FY,2016,10-K,690123000.0,-4729000.0,-9238000.0,-0.4,-0.4,0.0,301823000.0,175908000.0,146592000.0,42785000.0,108090000.0,44499000.0,-8174000.0,2034000.0
SNBC,2016-12-31,False,FY,2016,10-K,82999000.0,,61417000.0,3.26,3.24,0.0,2262262000.0,,,19645000.0,319709000.0,11906000.0,-76436000.0,-5577000.0
SNSS,2016-12-31,False,FY,2016,10-K,2536000.0,-36460000.0,-38023000.0,-2.42,-2.42,0.0,43234000.0,43231000.0,10939000.0,8056000.0,21024000.0,-36962000.0,-14999000.0,33131000.0
SGRY,2016-12-31,False,FY,2016,10-K,1145438000.0,196482000.0,9453000.0,0.2,0.2,0.0,2304958000.0,361955000.0,186725000.0,69699000.0,324674000.0,125239000.0,-184749000.0,71276000.0
TGLS,2016-12-31,False,FY,2016,10-K,305016000.0,47848000.0,23180000.0,0.79,0.77,0.0,394730000.0,210736000.0,78386000.0,26918000.0,113565000.0,-3085000.0,-24709000.0,31542000.0
TEAR,2016-12-31,False,FY,2016,10-K,28014000.0,-15976000.0,-19920000.0,-4.29,-4.29,0.0,26627000.0,22169000.0,5899000.0,15471000.0,-5721000.0,-12516000.0,-1434000.0,15583000.0
TTGT,2016-12-31,False,FY,2016,10-K,106625000.0,6791000.0,2419000.0,0.08,0.08,0.0,170077000.0,57937000.0,17948000.0,18485000.0,117563000.0,18163000.0,-3616000.0,-10930000.0
CHEF,2016-12-30,False,FY,2016,10-K,31630000.0,47239000.0,3023000.0,0.12,0.12,0.0,633538000.0,264491000.0,107374000.0,32862000.0,193760000.0,38914000.0,-35815000.0,27235000.0
HCKT,2016-12-30,False,FY,2016,10-K,288561000.0,34553000.0,21541000.0,0.74,0.66,0.26,159299000.0,68813000.0,55814000.0,19710000.0,86269000.0,32889000.0,-3179000.0,-33499000.0
JYNT,2016-12-31,False,FY,2016,10-K,20523640.0,-15022738.0,-15173872.0,-1.2,-1.2,0.0,17054861.0,5696656.0,5863884.0,3009864.0,6925413.0,-10847312.0,-2695822.0,-239852.0
PRSC,2016-12-31,False,FY,2016,10-K,1578889000.0,8617000.0,74374000.0,5.07,5.07,0.0,694394000.0,294911000.0,227318000.0,72262000.0,297675000.0,41483000.0,323905000.0,-376539000.0
UFPT,2016-12-31,False,FY,2016,10-K,146132000.0,12237000.0,7970000.0,1.11,1.1,0.0,127934000.0,69847000.0,9556000.0,31359000.0,113053000.0,9393000.0,-7279000.0,-559000.0
UCFC,2016-12-31,False,FY,2016,10-K,92805000.0,,18828000.0,0.4,0.4,0.11,2191345000.0,,,45887000.0,249806000.0,8510000.0,-177145000.0,178612000.0
UNFI,2017-01-28,False,Q2,2017,10-Q,2285518000.0,46271000.0,25482000.0,0.5,0.5,0.0,2870003000.0,1638398000.0,606060000.0,30658000.0,1590233000.0,96909000.0,-34638000.0,-50184000.0
UEIC,2016-12-31,False,FY,2016,10-K,651371000.0,25397000.0,20354000.0,1.41,1.38,0.0,521036000.0,324158000.0,215867000.0,50611000.0,280510000.0,49543000.0,-42515000.0,-4446000.0
VDSI,2016-12-31,False,FY,2016,10-K,192304000.0,9599000.0,10514000.0,0.27,0.27,0.0,327270000.0,207159000.0,67960000.0,49345000.0,256579000.0,28453000.0,-56496000.0,-1051000.0
VBTX,2016-12-31,False,FY,2016,10-K,53098000.0,,12551000.0,1.16,1.13,0.0,1408507000.0,,,15631000.0,239088000.0,10685000.0,-203316000.0,355871000.0
VSAR,2016-12-31,False,FY,2016,10-K,40000000.0,-96320000.0,-95817000.0,-3.11,-3.11,0.0,205570000.0,205305000.0,,201153000.0,151067000.0,-40631000.0,-90000.0,59805000.0
VICL,2016-12-31,False,FY,2016,10-K,14531000.0,-9177000.0,-8973000.0,-0.9,-0.9,0.0,52284000.0,47867000.0,7145000.0,5069000.0,45139000.0,-8388000.0,-7737000.0,7744000.0
VLGEA,2017-01-28,False,Q2,2017,10-Q,412215000.0,10612000.0,5992000.0,0.78,0.73,0.0,449982000.0,178973000.0,93233000.0,83107000.0,278748000.0,15146000.0,-13940000.0,-6478000.0
WEYS,2016-12-31,False,FY,2016,10-K,296933000.0,21236000.0,16472000.0,1.57,1.56,0.83,268240000.0,145927000.0,28974000.0,13710000.0,208280000.0,46871000.0,-6689000.0,-44441000.0
WINA,2016-12-31,False,FY,2016,10-K,66580300.0,38301000.0,22217600.0,5.39,5.13,0.37,48581600.0,22793800.0,7357800.0,1252900.0,-7852000.0,25662300.0,-3220700.0,-22195400.0
WLDN,2016-12-30,False,FY,2016,10-K,208941000.0,11544000.0,8299000.0,1.01,0.97,0.0,108347000.0,75241000.0,51052000.0,22668000.0,49918000.0,21600000.0,-10504000.0,-4915000.0
XCRA,2017-01-31,False,Q2,2017,10-Q,80124000.0,1210000.0,2572000.0,0.05,0.05,0.0,376627000.0,294895000.0,64544000.0,82518000.0,283854000.0,1670000.0,1030000.0,-2354000.0
ZFGN,2016-12-31,False,FY,2016,10-K,0.0,-58225000.0,-57878000.0,-2.12,-2.12,0.0,131621000.0,130899000.0,9894000.0,32352000.0,121727000.0,-51975000.0,51447000.0,-2715000.0
ZAGG,2016-12-31,False,FY,2016,10-K,401857000.0,-21360000.0,-15587000.0,-0.56,-0.56,0.0,310729000.0,197486000.0,183844000.0,11604000.0,117262000.0,32679000.0,-83376000.0,49589000.0
ZGNX,2016-12-31,False,FY,2015,10-K,28850000.0,-72685000.0,-69707000.0,-2.81,-2.81,0.0,231505000.0,119914000.0,20310000.0,91551000.0,120756000.0,-72880000.0,9899000.0,-817000.0
