symbol,end_date,amend,period_focus,fiscal_year,doc_type,revenues,op_income,net_income,eps_basic,eps_diluted,dividend,assets,cur_assets,cur_liab,cash,equity,cash_flow_op,cash_flow_inv,cash_flow_fin
CQH,2016-12-31,False,FY,2016,10-K,1100240000.0,,17798000.0,0.08,0.08,0.08,423000.0,423000.0,78000.0,219000.0,345000.0,-2500000.0,,-18536000.0
LNG,2016-12-31,False,FY,2016,10-K,1283167000.0,-29367000.0,-609991000.0,-2.67,-2.67,0.0,23702737000.0,2238318000.0,1076669000.0,875836000.0,838396000.0,-403842000.0,-4413411000.0,4907575000.0
CQP,2016-12-31,False,FY,2016,10-K,1100240000.0,250436000.0,-171195000.0,-0.2,-0.2,0.0,15542340000.0,958260000.0,855711000.0,0.0,,-249000.0,-2353399000.0,2524164000.0
CTO,2016-12-31,False,FY,2016,10-K,71074861.0,37319587.0,16251248.0,2.86,2.85,0.12,408623426.0,,,7779562.0,148275842.0,14288445.0,-23418661.0,12849101.0
AUMN,2016-12-31,False,FY,2016,10-K,6400000.0,-6321000.0,-10659000.0,-0.13,-0.13,0.0,14008000.0,4773000.0,1248000.0,2588000.0,8362000.0,-6205000.0,1117000.0,3599000.0
OCX,2016-12-31,False,FY,2016,10-K,,-11140000.0,-11168000.0,-0.42,-0.42,0.0,14447000.0,12696000.0,4275000.0,10174000.0,9862000.0,-7522000.0,-181000.0,9881000.0
OGEN,2016-12-31,False,FY,2016,10-K,0.0,-8542505.0,-7013304.0,-0.19,-0.19,0.0,4309166.0,4221704.0,1343443.0,4080618.0,2965723.0,-7075085.0,1675019.0,4451484.0
RNN,2016-12-31,False,FY,2016,10-K,,-16413385.0,-9307345.0,-0.04,-0.04,0.0,21043532.0,20924097.0,,11578473.0,17058462.0,-13227101.0,4483911.0,10122223.0
AAN,2016-12-31,False,FY,2016,10-K,3207716000.0,242676000.0,139283000.0,1.93,1.91,0.1025,2615736000.0,,,308561000.0,1481598000.0,465444000.0,-20081000.0,-151871000.0
ATEN,2016-12-31,False,FY,2016,10-K,230003000.0,-19119000.0,-20940000.0,-0.32,-0.32,0.0,221338000.0,201309000.0,102710000.0,28975000.0,86066000.0,18778000.0,-96355000.0,8435000.0
AKR,2016-12-31,False,FY,2016,10-K,189939000.0,21889000.0,72776000.0,0.94,0.94,1.16,3995960000.0,,,71805000.0,2178125000.0,111760000.0,-610970000.0,498239000.0
AKR,2016-12-31,True,FY,2016,10-K,189939000.0,21889000.0,72776000.0,0.94,0.94,1.16,3995960000.0,,,71805000.0,2178125000.0,111760000.0,-610970000.0,498239000.0
ABD,2016-12-31,False,FY,2016,10-K,1557100000.0,167300000.0,95500000.0,0.89,0.87,0.0,2064500000.0,670700000.0,406400000.0,42900000.0,708700000.0,165900000.0,-106400000.0,-75200000.0
ADSW,2016-12-31,False,FY,2016,10-K,1404600000.0,131900000.0,-30400000.0,-0.44,-0.44,0.0,3369900000.0,214700000.0,324600000.0,1200000.0,829500000.0,237000000.0,-170600000.0,-65800000.0
HIVE,2016-12-31,False,FY,2016,10-K,169825000.0,-36813000.0,-36911000.0,-0.73,-0.73,0.0,136483000.0,121862000.0,71789000.0,34346000.0,28688000.0,-14554000.0,276000.0,2883000.0
AMG,2016-12-31,False,FY,2016,10-K,2200900000.0,705300000.0,472800000.0,8.73,8.57,0.0,8749100000.0,,,430800000.0,4426500000.0,1027600000.0,-1332200000.0,200900000.0
AFL,2016-12-31,False,FY,2016,10-K,22559000000.0,4303000000.0,2659000000.0,6.46,6.42,1.66,129819000000.0,,,4859000000.0,20482000000.0,5987000000.0,-3855000000.0,-1619000000.0
ALK,2016-12-31,False,FY,2016,10-K,5931000000.0,1349000000.0,814000000.0,6.59,6.54,1.1,9962000000.0,2050000000.0,2535000000.0,328000000.0,2931000000.0,1386000000.0,-2622000000.0,1491000000.0
ALB,2016-12-31,False,FY,2016,10-K,2677203000.0,574551000.0,643675000.0,5.73,5.68,1.22,8161207000.0,3306618000.0,1140103000.0,2269756000.0,3942604000.0,733403000.0,2920488000.0,-1577903000.0
ATI,2016-12-31,False,FY,2016,10-K,3134600000.0,-612400000.0,-640900000.0,-5.97,-5.97,0.24,5170000000.0,1766500000.0,708700000.0,229600000.0,1444800000.0,-43700000.0,-200000000.0,323500000.0
AGN,2016-12-31,False,FY,2016,10-K,14570600000.0,-1825500000.0,14695000000.0,38.18,38.18,0.0,128986300000.0,17857900000.0,7874700000.0,1724000000.0,76200500000.0,1425300000.0,24333300000.0,-25122100000.0
LNT,2016-12-31,False,FY,2016,10-K,3320000000.0,537000000.0,371500000.0,1.65,1.65,1.175,13373800000.0,877100000.0,1162000000.0,8200000.0,4062000000.0,859600000.0,-1186500000.0,329300000.0
ADS,2016-12-31,False,FY,2016,10-K,7138100000.0,1265500000.0,515800000.0,7.37,7.34,0.0,25514100000.0,19589300000.0,9229500000.0,1859200000.0,1658200000.0,2088400000.0,-4063000000.0,2663400000.0
ALDW,2016-12-31,False,FY,2016,10-K,1807732000.0,32668000.0,-4404000.0,-0.07,,0.0,695637000.0,221872000.0,295435000.0,73524000.0,,78115000.0,-33351000.0,-104193000.0
ALSN,2016-12-31,False,FY,2016,10-K,1840200000.0,451500000.0,214900000.0,1.28,1.27,0.6,4218600000.0,547600000.0,342200000.0,204700000.0,1080300000.0,590800000.0,-71400000.0,-564700000.0
MO,2016-12-31,False,FY,2016,10-K,25744000000.0,8762000000.0,14239000000.0,7.28,7.28,2.35,45932000000.0,7260000000.0,7375000000.0,4569000000.0,12773000000.0,3791000000.0,3708000000.0,-5299000000.0
ALJ,2016-12-31,False,FY,2016,10-K,0.0,-67410000.0,-82805000.0,-1.17,-1.17,0.6,2110159000.0,486151000.0,445504000.0,136302000.0,582413000.0,59516000.0,-94129000.0,-63212000.0
ALLY,2016-12-31,False,FY,2016,10-K,5437000000.0,,1037000000.0,2.15,2.15,0.16,163728000000.0,,,1547000000.0,13317000000.0,4567000000.0,-8684000000.0,3670000000.0
AFG,2016-12-31,False,FY,2016,10-K,6498000000.0,787000000.0,649000000.0,7.47,7.33,2.1525,55072000000.0,,,2107000000.0,4919000000.0,1150000000.0,-2981000000.0,2718000000.0
AEL,2016-12-31,False,FY,2016,10-K,2220282000.0,,83243000.0,0.98,0.97,0.24,56053472000.0,,,791266000.0,2291595000.0,1414322000.0,-4499045000.0,3478240000.0
AEP,2016-12-31,False,FY,2016,10-K,738100000.0,1207100000.0,610900000.0,1.24,1.24,2.27,63467700000.0,6033900000.0,9498000000.0,210500000.0,17420100000.0,4521800000.0,-4989100000.0,503900000.0
AMH,2016-12-31,False,FY,2016,10-K,878889000.0,,-33542000.0,-0.14,-0.14,0.2,8107210000.0,,,118799000.0,4937620000.0,278867000.0,-522398000.0,324804000.0
AMT,2016-12-31,False,FY,2016,10-K,5785668000.0,1853029000.0,849300000.0,2.0,1.98,0.0,30879150000.0,1689870000.0,1631269000.0,787161000.0,6976200000.0,2703604000.0,-2107446000.0,-99294000.0
AIV,2016-12-31,False,FY,2016,10-K,995854000.0,246796000.0,417781000.0,2.68,2.67,1.32,6232818000.0,,,61244000.0,1944966000.0,377724000.0,-97773000.0,-269496000.0
APA,2016-12-31,False,FY,2016,10-K,5367000000.0,-803000000.0,-1405000000.0,-3.62,-3.62,1.0,22519000000.0,3241000000.0,1843000000.0,1400000000.0,7679000000.0,2430000000.0,-1660000000.0,-860000000.0
ATR,2016-12-31,False,FY,2016,10-K,2330934000.0,310500000.0,205590000.0,3.27,3.17,1.22,2606785000.0,1270170000.0,542955000.0,466287000.0,1174242000.0,327193000.0,-300502000.0,-31609000.0
WTR,2016-12-31,False,FY,2016,10-K,819875000.0,325585000.0,234182000.0,1.32,1.32,0.7386,6158991000.0,128650000.0,301536000.0,3763000.0,1850068000.0,395788000.0,-383209000.0,-12045000.0
ACI,2016-12-31,False,FY,2016,10-K,0.62,,,,,0.0,2136597000.0,878622000.0,312231000.0,305372000.0,746577000.0,84192000.0,17984000.0,2709000.0
APLE,2016-12-31,False,FY,2016,10-K,1041025000.0,185262000.0,144652000.0,0.76,0.76,1.2,4979883000.0,,,0.0,3517064000.0,332034000.0,-169837000.0,-162197000.0
ARES,2016-12-31,False,FY,2016,10-K,1199205000.0,,98367000.0,0.03,0.03,0.83,5829712000.0,,,455280000.0,1377262000.0,-625655000.0,-11913000.0,880764000.0
AWI,2016-12-31,False,FY,2016,10-K,1234500000.0,184600000.0,104700000.0,1.88,1.87,0.0,1758000000.0,406200000.0,224100000.0,141900000.0,266400000.0,49300000.0,-17000000.0,-128900000.0
AGO,2016-12-31,False,FY,2016,10-K,1677000000.0,,880000000.0,6.61,6.56,0.52,14151000000.0,,,118000000.0,6504000000.0,-141000000.0,1076000000.0,-978000000.0
AVB,2016-12-31,False,FY,2016,10-K,2045255000.0,1410697000.0,1034002000.0,7.53,7.52,5.4,17867271000.0,,,214994000.0,10171416000.0,1143484000.0,-1037352000.0,-291645000.0
AXS,2016-12-31,False,FY,2016,10-K,4005657000.0,,465462000.0,5.13,5.08,1.43,20813691000.0,,,1039494000.0,6272370000.0,406724000.0,-144431000.0,-201587000.0
BKU,2016-12-31,False,FY,2016,10-K,1165634000.0,,216981000.0,2.11,2.09,0.84,27880151000.0,,,40260000.0,2418429000.0,307170000.0,-3826231000.0,3699874000.0
BOH,2016-12-31,False,FY,2016,10-K,119939000.0,,181461000.0,4.26,4.23,1.89,16492367000.0,,,169077000.0,1161537000.0,226529000.0,-960852000.0,858209000.0
BHE,2016-12-31,False,FY,2016,10-K,2310415000.0,75638000.0,64047000.0,1.3,1.29,0.0,1998668000.0,1531662000.0,412381000.0,681433000.0,1365465000.0,272520000.0,-21245000.0,-34742000.0
BH,2016-12-31,False,FY,2016,10-K,850076000.0,,99451000.0,81.37,81.28,0.0,1096967000.0,127789000.0,120011000.0,75808000.0,531940000.0,63349000.0,-28795000.0,-15231000.0
FNF,2016-12-31,False,FY,2016,10-K,1026000000.0,232800000.0,45800000.0,0.69,0.67,0.0,3762000000.0,339200000.0,227100000.0,131600000.0,1939400000.0,325700000.0,-230200000.0,-147600000.0
BKH,2016-12-31,False,FY,2016,10-K,1572974000.0,222586000.0,72970000.0,1.41,1.37,1.68,6515444000.0,466814000.0,527932000.0,13580000.0,1730134000.0,320463000.0,-1588742000.0,840998000.0
BCC,2016-12-31,False,FY,2016,10-K,3911215000.0,79578000.0,38254000.0,0.99,0.98,0.0,1439197000.0,760459000.0,312864000.0,103978000.0,580004000.0,151907000.0,-298839000.0,66414000.0
BCO,2016-12-31,False,FY,2016,10-K,3020600000.0,144200000.0,34500000.0,0.69,0.68,0.4,1994800000.0,843700000.0,753800000.0,183500000.0,354800000.0,167500000.0,-108900000.0,-44900000.0
BRO,2016-12-31,False,FY,2016,10-K,1766629000.0,,250786000.0,1.84,1.82,0.5025,5287343000.0,1760737000.0,1445157000.0,515646000.0,2360211000.0,375158000.0,-142412000.0,-160520000.0
BPL,2016-12-31,False,FY,2016,10-K,3248376000.0,733342000.0,535608000.0,4.05,4.03,0.0,9421103000.0,1318897000.0,399548000.0,640340000.0,,717917000.0,-481702000.0,399244000.0
BWXT,2016-12-31,False,FY,2016,10-K,1550573000.0,239263000.0,183057000.0,1.79,1.76,0.36,1579815000.0,693571000.0,439876000.0,125641000.0,150410000.0,239850000.0,-179689000.0,-88897000.0
CAA,2016-12-31,False,FY,2016,10-K,6476735000.0,,483562000.0,4.09,3.6,0.16,8709044000.0,,,208127000.0,4207586000.0,322314000.0,2929000.0,-303710000.0
COG,2016-12-31,False,FY,2016,10-K,1155677000.0,-566554000.0,-417124000.0,-0.91,-0.91,0.08,5122569000.0,715881000.0,257812000.0,498542000.0,2567667000.0,392377000.0,-353218000.0,458869000.0
CRC,2016-12-31,False,FY,2016,10-K,1547000000.0,-306000000.0,273000000.0,6.76,6.76,0.0,6354000000.0,425000000.0,726000000.0,12000000.0,-557000000.0,130000000.0,-61000000.0,-69000000.0
CPE,2016-12-31,False,FY,2016,10-K,225326000.0,-47477000.0,-99108000.0,-0.78,-0.78,0.0,2267587000.0,725126000.0,131550000.0,652993000.0,1733402000.0,118567000.0,-866287000.0,1399489000.0
ELY,2016-12-31,False,FY,2016,10-K,871192000.0,44168000.0,189900000.0,2.02,1.98,0.04,801282000.0,460425000.0,186854000.0,125975000.0,608600000.0,77710000.0,8953000.0,-9254000.0
CMO,2016-12-31,False,FY,2016,10-K,,,67501000.0,0.7,0.7,0.95,13576876000.0,,,56732000.0,1247687000.0,215120000.0,687877000.0,-900450000.0
FUN,2016-12-31,False,FY,2016,10-K,1288721000.0,316939000.0,177688000.0,3.18,3.14,0.0,1973181000.0,195676000.0,242683000.0,122716000.0,,357427000.0,-161233000.0,-193604000.0
CNP,2016-12-31,False,FY,2016,10-K,7528000000.0,959000000.0,432000000.0,1.0,1.0,1.03,21829000000.0,2923000000.0,3080000000.0,341000000.0,3460000000.0,1928000000.0,-1046000000.0,-805000000.0
CHE,2016-12-31,False,FY,2016,10-K,1576881000.0,178749000.0,108743000.0,6.64,6.48,1.0,880059000.0,169900000.0,171832000.0,15310000.0,524099000.0,135393000.0,-39862000.0,-94948000.0
CLDT,2016-12-31,False,FY,2016,10-K,484708000.0,58936000.0,31294000.0,0.82,0.81,1.38,1302954000.0,,,12118000.0,681590000.0,87669000.0,-21078000.0,-75509000.0
CPK,2016-12-31,False,FY,2016,10-K,498860000.0,84096000.0,44675000.0,2.87,2.86,1.2025,1229219000.0,141151000.0,334051000.0,4178000.0,446086000.0,103371000.0,-170037000.0,67989000.0
CHD,2016-12-31,False,FY,2016,10-K,3493100000.0,724200000.0,459000000.0,1.78,1.75,0.71,4354100000.0,756800000.0,1001900000.0,187800000.0,1977900000.0,655300000.0,-354600000.0,-439600000.0
CHH,2016-12-31,False,FY,2016,10-K,924641000.0,238895000.0,138396000.0,2.48,2.46,0.83,852468000.0,344873000.0,263668000.0,202463000.0,-311349000.0,152035000.0,-98467000.0,-44084000.0
XEC,2016-12-31,False,FY,2016,10-K,1257345000.0,-606947000.0,-431049000.0,-4.62,-4.62,0.0,4681693000.0,969304000.0,522352000.0,652876000.0,2360064000.0,599225000.0,-692410000.0,-33321000.0
C,2016-12-31,False,FY,2016,10-K,69875000000.0,,13640000000.0,4.72,4.72,0.0,1792077000000.0,,,23043000000.0,226143000000.0,53932000000.0,-79588000000.0,28292000000.0
CBB,2016-12-31,False,FY,2016,10-K,1185800000.0,93000000.0,91700000.0,2.18,2.18,0.0,1541000000.0,229900000.0,232900000.0,9700000.0,-121700000.0,173200000.0,-95500000.0,-75400000.0
CFG,2016-12-31,False,FY,2016,10-K,5255000000.0,,1031000000.0,1.97,1.97,0.46,149520000000.0,,,955000000.0,19747000000.0,1490000000.0,-11326000000.0,10455000000.0
MYCC,2016-12-27,False,FY,2016,10-K,1088480000.0,91953000.0,3108000.0,0.05,0.05,0.53,2128714000.0,202575000.0,361924000.0,84601000.0,152387000.0,157654000.0,-105372000.0,-85031000.0
KO,2016-12-31,False,FY,2016,10-K,41863000000.0,8626000000.0,6527000000.0,1.51,1.49,1.4,87270000000.0,34010000000.0,26532000000.0,8555000000.0,23220000000.0,8796000000.0,-999000000.0,-6545000000.0
CNS,2016-12-31,False,FY,2016,10-K,349876000.0,135511000.0,92936000.0,2.02,2.0,1.54,333728000.0,,,183234000.0,265814000.0,114958000.0,2898000.0,-74542000.0
CRK,2016-12-31,False,FY,2016,10-K,175706000.0,-183790000.0,-135134000.0,-11.52,-11.52,0.0,889874000.0,90172000.0,91707000.0,65904000.0,-271269000.0,-23728000.0,-29569000.0,-14805000.0
CBPX,2016-12-31,False,FY,2016,10-K,461375000.0,87140000.0,44024000.0,1.08,1.08,0.0,634749000.0,116733000.0,41474000.0,51536000.0,309012000.0,116267000.0,-11641000.0,-68044000.0
CLGX,2016-12-31,False,FY,2016,10-K,1952557000.0,274589000.0,106550000.0,1.22,1.19,0.0,3907534000.0,391887000.0,668421000.0,72031000.0,1002984000.0,413559000.0,-481764000.0,41144000.0
CVA,2016-12-31,False,FY,2016,10-K,1699000000.0,109000000.0,-4000000.0,-0.03,-0.03,1.0,4284000000.0,544000000.0,418000000.0,84000000.0,469000000.0,282000000.0,-254000000.0,-40000000.0
CR,2016-12-31,False,FY,2016,10-K,2748000000.0,200300000.0,122800000.0,2.1,2.07,0.0,3428000000.0,1315700000.0,520800000.0,509700000.0,1145700000.0,318100000.0,-50600000.0,-100400000.0
CAPL,2016-12-31,False,FY,2016,10-K,1869806000.0,32171000.0,10715000.0,0.22,0.22,0.0,931989000.0,65407000.0,75133000.0,1350000.0,,79440000.0,-96906000.0,17624000.0
CEQP,2016-12-31,False,FY,2016,10-K,2520500000.0,-108700000.0,-216300000.0,-3.55,-3.55,0.0,4448900000.0,373400000.0,337300000.0,1600000.0,2550700000.0,346100000.0,867200000.0,-1212200000.0
CST,2016-12-31,False,FY,2016,10-K,11106000000.0,536000000.0,324000000.0,4.26,4.24,0.125,4360000000.0,627000000.0,615000000.0,137000000.0,1779000000.0,287000000.0,-508000000.0,40000000.0
CCK,2016-12-31,False,FY,2016,10-K,8284000000.0,1021000000.0,496000000.0,3.58,3.56,0.0,9599000000.0,2841000000.0,2896000000.0,559000000.0,668000000.0,930000000.0,-442000000.0,-616000000.0
CTS,2016-12-31,False,FY,2016,10-K,396679000.0,63166000.0,34380000.0,1.05,1.03,0.16,517697000.0,215707000.0,98129000.0,113805000.0,317882000.0,47202000.0,-81267000.0,-8643000.0
DVA,2016-12-31,False,FY,2016,10-K,14875592000.0,1894543000.0,879874000.0,4.36,4.29,0.0,18741257000.0,3980228000.0,2696445000.0,913187000.0,4849741000.0,1963444000.0,-1201668000.0,-1351981000.0
DKL,2016-12-31,False,FY,2016,10-K,448059000.0,77650000.0,62804000.0,4.16,4.14,0.0,415547000.0,32041000.0,20729000.0,59000.0,,100707000.0,-72692000.0,-27956000.0
DE,2017-01-29,False,Q1,2017,10-Q,5625200000.0,416000000.0,193700000.0,0.61,0.61,0.6,56296600000.0,,,3890000000.0,6835700000.0,-742400000.0,1104400000.0,-768500000.0
DK,2016-12-31,False,FY,2016,10-K,4197900000.0,-49200000.0,-153700000.0,-2.49,-2.49,0.6,2985100000.0,1402200000.0,940500000.0,689200000.0,1182500000.0,268200000.0,180500000.0,-61700000.0
DRH,2016-12-31,False,FY,2016,10-K,896558000.0,157470000.0,114796000.0,0.57,0.57,0.5,3069463000.0,,,243095000.0,1836787000.0,215581000.0,85654000.0,-271724000.0
DBD,2016-12-31,False,FY,2016,10-K,3316300000.0,-159800000.0,-33000000.0,-0.48,-0.48,0.96,5270300000.0,2619600000.0,1824500000.0,652700000.0,1024800000.0,28400000.0,-561400000.0,881600000.0
DGI,2016-12-31,False,FY,2016,10-K,725400000.0,102100000.0,22500000.0,0.34,0.34,0.0,3009900000.0,260400000.0,219200000.0,109300000.0,1172900000.0,301600000.0,-338300000.0,19900000.0
UFS,2016-12-31,False,FY,2016,10-K,5098000000.0,223000000.0,128000000.0,2.04,2.04,1.63,5680000000.0,1568000000.0,753000000.0,125000000.0,2676000000.0,465000000.0,-391000000.0,-73000000.0
DRQ,2016-12-31,False,FY,2016,10-K,538731000.0,112859000.0,93221000.0,2.48,2.47,0.0,1461404000.0,1056711000.0,101480000.0,423497000.0,1356424000.0,246522000.0,-157849000.0,-21893000.0
DUK,2016-12-31,False,FY,2016,10-K,22743000000.0,5341000000.0,2152000000.0,3.11,3.11,3.36,132761000000.0,8039000000.0,11551000000.0,392000000.0,41041000000.0,6798000000.0,-11533000000.0,4270000000.0
DYN,2016-12-31,False,FY,2016,10-K,2491000000.0,-640000000.0,-1240000000.0,-9.78,-9.78,0.0,13053000000.0,2987000000.0,916000000.0,1776000000.0,2039000000.0,676000000.0,-2147000000.0,2742000000.0
SSP,2016-12-31,False,FY,2016,10-K,943047000.0,126650000.0,66318000.0,0.8,0.79,0.0,1728373000.0,345895000.0,104131000.0,134352000.0,945935000.0,146493000.0,-73428000.0,-53334000.0
EMN,2016-12-31,False,FY,2016,10-K,9008000000.0,1383000000.0,854000000.0,5.8,5.75,1.89,15457000000.0,2866000000.0,1795000000.0,181000000.0,4608000000.0,1385000000.0,-655000000.0,-838000000.0
ECL,2016-12-31,False,FY,2016,10-K,13152800000.0,1915000000.0,1229600000.0,4.2,4.14,1.42,18330200000.0,4279400000.0,3019400000.0,327400000.0,6970900000.0,1939700000.0,-829500000.0,-868200000.0
EE,2016-12-31,False,FY,2016,10-K,886936000.0,194861000.0,96447000.0,2.39,2.39,1.225,3376278000.0,164199000.0,303409000.0,8420000.0,1074396000.0,231150000.0,-275732000.0,44853000.0
EBS,2016-12-31,False,FY,2016,10-K,488782000.0,105522000.0,51776000.0,1.29,1.13,0.0,970111000.0,510218000.0,105856000.0,271513000.0,596205000.0,53487000.0,-76257000.0,-18641000.0
ESRT,2016-12-31,False,FY,2016,10-K,678000000.0,184543000.0,51456000.0,0.38,0.38,0.4,3890953000.0,,,554371000.0,1982863000.0,218583000.0,-181838000.0,470941000.0
EIG,2016-12-31,False,FY,2016,10-K,779800000.0,,106700000.0,3.29,3.24,0.36,3773400000.0,,,67200000.0,840600000.0,122800000.0,-88600000.0,-23600000.0
ECA,2016-12-31,False,FY,2016,10-K,2918000000.0,-1881000000.0,-944000000.0,-1.07,-1.07,0.06,14653000000.0,1923000000.0,1562000000.0,834000000.0,6126000000.0,625000000.0,-29000000.0,-38000000.0
ETE,2016-12-31,False,FY,2016,10-K,37504000000.0,1499000000.0,995000000.0,0.94,0.92,0.0,79011000000.0,6985000000.0,7277000000.0,483000000.0,22517000000.0,3417000000.0,-9467000000.0,5927000000.0
ETE,2016-12-31,False,FY,2016,10-K,21827000000.0,1802000000.0,297000000.0,0.0,-2.06,0.0,70191000000.0,5729000000.0,6203000000.0,360000000.0,26527000000.0,3303000000.0,-6390000000.0,2920000000.0
ENVA,2016-12-31,False,FY,2016,10-K,745569000.0,121477000.0,34602000.0,1.04,1.03,0.0,977879000.0,,,39934000.0,241699000.0,393373000.0,-484576000.0,99880000.0
ETR,2016-12-31,False,FY,2016,10-K,293268000.0,-886465000.0,-583618000.0,-3.26,-3.26,3.42,45904434000.0,3684268000.0,3200096000.0,1187844000.0,8081809000.0,2998699000.0,-3850048000.0,688232000.0
EVA,2016-12-31,False,FY,2016,10-K,464276000.0,37942000.0,21377000.0,0.91,0.91,0.0,726168000.0,120715000.0,68324000.0,466000.0,595000.0,57393000.0,-69147000.0,10092000.0
EPD,2016-12-31,False,FY,2016,10-K,23022300000.0,3580700000.0,2513100000.0,1.2,1.2,0.0,52194000000.0,6528200000.0,8250500000.0,63100000.0,,4066800000.0,-4344400000.0,321700000.0
EOG,2016-12-31,False,FY,2016,10-K,7650632000.0,-1225281000.0,-1096686000.0,-1.98,-1.98,0.67,29459433000.0,3554603000.0,2027291000.0,1599895000.0,13981581000.0,2359063000.0,-1252944000.0,-242722000.0
ESS,2016-12-31,False,FY,2016,10-K,1294001000.0,420800000.0,411124000.0,6.28,6.27,0.0,12217408000.0,,,64921000.0,6292237000.0,712523000.0,-421412000.0,-255873000.0
EVR,2016-12-31,False,FY,2016,10-K,1456790000.0,,107528000.0,2.74,2.43,1.27,1662346000.0,925633000.0,463421000.0,558524000.0,783331000.0,416098000.0,-48504000.0,-232487000.0
EVTC,2016-12-31,False,FY,2016,10-K,389507000.0,107145000.0,75024000.0,1.01,1.01,0.4,885662000.0,158265000.0,129163000.0,51920000.0,108175000.0,168054000.0,-54083000.0,-90798000.0
EXR,2016-12-31,False,FY,2016,10-K,991875000.0,449838000.0,365335000.0,2.92,2.91,2.93,7091446000.0,,,43858000.0,2596166000.0,539263000.0,-1032035000.0,460831000.0
STAY,2016-12-31,False,FY,2016,10-K,1270593000.0,360664000.0,69932000.0,0.35,0.35,0.31,4180304000.0,,,84158000.0,1377239000.0,418405000.0,-159464000.0,-547946000.0
FCB,2016-12-31,False,FY,2016,10-K,349033000.0,,99916000.0,2.45,2.31,0.0,9090134000.0,,,52903000.0,982441000.0,98077000.0,-1757654000.0,1640993000.0
FCH,2016-12-31,False,FY,2016,10-K,866954000.0,78182000.0,-21617000.0,-0.13,-0.13,0.24,1707092000.0,,,47317000.0,232583000.0,134920000.0,18618000.0,-165998000.0
FII,2016-12-31,False,FY,2016,10-K,1143371000.0,335683000.0,201287000.0,2.03,2.03,2.0,1155107000.0,359760000.0,162538000.0,104839000.0,595784000.0,252771000.0,-8194000.0,-312366000.0
FNF,2016-12-31,False,FY,2016,10-K,9554000000.0,,650000000.0,2.34,2.28,0.88,14463000000.0,,,1323000000.0,6898000000.0,1162000000.0,-254000000.0,-588000000.0
FHN,2016-12-31,False,FY,2016,10-K,1270525000.0,,220846000.0,0.95,0.94,0.28,28555231000.0,,,1037794000.0,2705084000.0,181118000.0,-2468552000.0,2294165000.0
FDC,2016-12-31,False,FY,2016,10-K,11584000000.0,1602000000.0,420000000.0,0.47,0.46,0.0,40292000000.0,17417000000.0,16717000000.0,385000000.0,4131000000.0,102000000.0,-387000000.0,-1734000000.0
FR,2016-12-31,False,FY,2016,10-K,378020000.0,,121232000.0,1.05,1.05,0.76,2793263000.0,,,9859000.0,1284625000.0,173335000.0,-110992000.0,-56471000.0
FPO,2016-12-31,False,FY,2016,10-K,160334000.0,21362000.0,-9867000.0,-0.17,-0.17,0.45,1260247000.0,,,14144000.0,436383000.0,62599000.0,120240000.0,-182222000.0
FTV,2016-12-31,False,FY,2016,10-K,6224300000.0,1246000000.0,872300000.0,2.52,2.51,0.0,8189800000.0,2488700000.0,1466500000.0,803200000.0,2691000000.0,1136900000.0,-310800000.0,3800000.0
FET,2016-12-31,False,FY,2016,10-K,587635000.0,-128952000.0,-81978000.0,-0.9,-0.9,0.0,1835192000.0,749716000.0,141845000.0,234422000.0,1235761000.0,64742000.0,-11137000.0,86195000.0
FCPT,2016-12-31,False,FY,2016,10-K,124018000.0,,156809000.0,2.75,2.63,0.97,937151000.0,,,26643000.0,470117000.0,70939000.0,-59322000.0,-83047000.0
FTAI,2016-12-31,False,FY,2016,10-K,148720000.0,,-20064000.0,-0.26,-0.26,1.32,1547312000.0,,,68055000.0,1165680000.0,30903000.0,-213098000.0,-131453000.0
FI,2016-12-31,False,FY,2016,10-K,487531000.0,-163362000.0,-135339000.0,-0.77,-0.77,0.45,1588061000.0,640049000.0,99379000.0,319526000.0,1311319000.0,-10831000.0,-178915000.0,-96765000.0
FCX,2016-12-31,False,FY,2016,10-K,14830000000.0,-2792000000.0,-4154000000.0,-2.96,-2.96,0.0,37317000000.0,10435000000.0,4265000000.0,4245000000.0,9257000000.0,3729000000.0,3550000000.0,-3166000000.0
GE,2016-12-31,False,FY,2016,10-K,110391000000.0,,8176000000.0,0.9,0.89,0.93,365183000000.0,,,48129000000.0,77491000000.0,-244000000.0,49202000000.0,-89131000000.0
BGC,2016-12-31,False,FY,2016,10-K,3858400000.0,-18300000.0,-93800000.0,-1.89,-1.89,0.72,2241600000.0,1599200000.0,901100000.0,101100000.0,168900000.0,154600000.0,-600000.0,-165300000.0
GNRC,2016-12-31,False,FY,2016,10-K,1444453000.0,204617000.0,98788000.0,1.51,1.5,0.0,1861684000.0,683509000.0,341939000.0,67272000.0,401112000.0,253409000.0,-105822000.0,-195705000.0
GNW,2016-12-31,False,FY,2016,10-K,8369000000.0,-316000000.0,-277000000.0,-0.56,-0.56,0.0,104658000000.0,,,2784000000.0,14467000000.0,1852000000.0,-2120000000.0,-2931000000.0
GEL,2016-12-31,False,FY,2016,10-K,1712493000.0,206427000.0,113249000.0,1.0,1.0,0.0,5702592000.0,359569000.0,260803000.0,7029000.0,,298338000.0,-450309000.0,148105000.0
GEO,2016-12-31,False,FY,2016,10-K,2179490000.0,265584000.0,148715000.0,2.01,2.0,2.6,3749409000.0,697669000.0,504058000.0,68038000.0,974957000.0,-28028000.0,-84360000.0,119668000.0
GPC,2016-12-31,False,FY,2016,10-K,15339713000.0,1229336000.0,687240000.0,4.61,4.59,2.63,8859400000.0,5948431000.0,4244150000.0,242879000.0,3207356000.0,946078000.0,-593999000.0,-322406000.0
GIMO,2016-12-31,False,FY,2016,10-K,310855000.0,30411000.0,49432000.0,1.4,1.31,0.0,400999000.0,354942000.0,108854000.0,148926000.0,262660000.0,37048000.0,-27283000.0,18949000.0
GLT,2016-12-31,False,FY,2016,10-K,1610938000.0,27693000.0,21554000.0,0.49,0.49,0.5,1521259000.0,494259000.0,323011000.0,55444000.0,653826000.0,116110000.0,-160888000.0,-3019000.0
GS,2016-12-31,False,FY,2016,10-K,37712000000.0,,7087000000.0,16.53,16.29,2.6,860165000000.0,,,11150000000.0,86893000000.0,5570000000.0,9270000000.0,13432000000.0
GHC,2016-12-31,False,FY,2016,10-K,2481890000.0,303534000.0,168590000.0,29.95,29.8,4.84,4432670000.0,1871346000.0,818961000.0,648885000.0,2452941000.0,261256000.0,-311286000.0,-43077000.0
GDOT,2016-12-31,False,FY,2016,10-K,718774000.0,63316000.0,40798000.0,0.82,0.8,0.0,1740344000.0,1013436000.0,960798000.0,732676000.0,683733000.0,111520000.0,-78291000.0,-72682000.0
HYH,2016-12-31,False,FY,2016,10-K,1592300000.0,87400000.0,39800000.0,0.85,0.85,0.0,2071800000.0,593500000.0,324400000.0,113700000.0,1102500000.0,188800000.0,-200900000.0,-1400000.0
HIG,2016-12-31,False,FY,2016,10-K,18300000000.0,,896000000.0,2.31,2.27,0.86,223432000000.0,,,882000000.0,-337000000.0,2066000000.0,949000000.0,-2541000000.0
HASI,2016-12-31,False,FY,2016,10-K,81198000.0,,14652000.0,0.32,0.32,0.0,1745887000.0,,,29428000.0,574339000.0,56855000.0,-190631000.0,113704000.0
HSC,2016-12-31,False,FY,2016,10-K,1451223000.0,63469000.0,-85667000.0,-1.07,-1.07,0.0,1581386000.0,577690000.0,427954000.0,71879000.0,137563000.0,159785000.0,122887000.0,-292273000.0
HE,2016-12-31,False,FY,2016,10-K,2380654000.0,348175000.0,248256000.0,2.3,2.29,1.24,12425506000.0,504141000.0,372365000.0,278452000.0,2066753000.0,495254000.0,-736465000.0,219185000.0
HLX,2016-12-31,False,FY,2016,10-K,487582000.0,-63235000.0,-81445000.0,-0.73,-0.73,0.0,2246941000.0,522782000.0,186395000.0,356647000.0,1281814000.0,38714000.0,-147110000.0,-25524000.0
HT,2016-12-31,False,FY,2016,10-K,466629000.0,65522000.0,95579000.0,2.21,2.18,1.32,2155536000.0,,,185644000.0,879739000.0,86558000.0,149924000.0,-78793000.0
HNI,2016-12-31,False,FY,2016,10-K,2203489000.0,133692000.0,85577000.0,1.93,1.88,1.09,1330234000.0,433041000.0,463473000.0,36312000.0,501009000.0,223362000.0,-153026000.0,-62572000.0
HOS,2016-12-31,False,FY,2016,10-K,224299000.0,-64219000.0,-63846000.0,-1.76,-1.76,0.0,2878275000.0,270555000.0,45143000.0,217027000.0,1402996000.0,53050000.0,-97011000.0,198000.0
HST,2016-12-31,False,FY,2016,10-K,5430000000.0,684000000.0,762000000.0,1.03,1.02,0.85,11408000000.0,,,372000000.0,7033000000.0,1303000000.0,-115000000.0,-1037000000.0
AVHI,2016-12-31,False,FY,2016,10-K,779305000.0,,147107000.0,6.58,5.66,0.0,840233000.0,,,67792000.0,450807000.0,73697000.0,-1577000.0,-51226000.0
TWOU,2016-12-31,False,FY,2016,10-K,205864000.0,-21032000.0,-20684000.0,-0.44,-0.44,0.0,244320000.0,184698000.0,41069000.0,168730000.0,195237000.0,5210000.0,-24518000.0,4309000.0
ACHC,2016-12-31,False,FY,2016,10-K,2852823000.0,608590000.0,6143000.0,0.07,0.07,0.0,6024726000.0,427927000.0,342865000.0,57063000.0,2167724000.0,361478000.0,-660365000.0,358841000.0
AXDX,2016-12-31,False,FY,2016,10-K,246000.0,-66501000.0,-66374000.0,-1.29,-1.29,0.0,82852000.0,78448000.0,4036000.0,19244000.0,77816000.0,-53408000.0,-49568000.0,1762000.0
ADMA,2016-12-31,False,FY,2016,10-K,10518203.0,-17330395.0,-19515151.0,-1.61,-1.61,0.0,23685085.0,21657138.0,11222861.0,9914867.0,-4457262.0,-18268973.0,904583.0,16838298.0
ACOR,2016-12-31,False,FY,2016,10-K,519601000.0,-35982000.0,-34618000.0,-0.76,-0.76,0.0,1342335000.0,272657000.0,147901000.0,158537000.0,664211000.0,35347000.0,-73786000.0,45931000.0
ADTN,2016-12-31,False,FY,2016,10-K,636781000.0,34735000.0,35229000.0,0.72,0.72,0.0,667235000.0,352902000.0,126535000.0,79895000.0,479517000.0,42000000.0,-6481000.0,-39781000.0
AEIS,2016-12-31,False,FY,2016,10-K,483704000.0,126857000.0,127454000.0,3.21,3.18,0.0,571529000.0,438334000.0,95046000.0,281953000.0,392074000.0,119287000.0,300000.0,2142000.0
SJM,2017-01-31,False,Q3,2017,10-Q,1878800000.0,237700000.0,134600000.0,1.16,1.16,0.75,15811700000.0,1690900000.0,997200000.0,139600000.0,7241900000.0,794800000.0,-148100000.0,-612400000.0
JNJ,2017-01-01,False,FY,2016,10-K,143780000000.0,,16540000000.0,6.04,5.93,3.15,141208000000.0,65032000000.0,26287000000.0,18972000000.0,70418000000.0,18767000000.0,-4761000000.0,-8551000000.0
JNPR,2016-12-31,False,FY,2016,10-K,4990100000.0,889700000.0,592700000.0,1.55,1.53,0.4,9656500000.0,3971900000.0,1735900000.0,1833200000.0,4962500000.0,1106000000.0,-450100000.0,-229600000.0
KS,2016-12-31,False,FY,2016,10-K,3077257000.0,170646000.0,86252000.0,0.89,0.88,0.4,3255875000.0,768820000.0,340693000.0,29385000.0,904330000.0,281920000.0,-151754000.0,-107602000.0
KAR,2016-12-31,False,FY,2016,10-K,3150100000.0,499000000.0,222400000.0,1.62,1.6,1.19,6557600000.0,2841200000.0,2335000000.0,201800000.0,1397300000.0,360800000.0,-765300000.0,453200000.0
KBR,2016-12-31,False,FY,2016,10-K,4268000000.0,28000000.0,-61000000.0,-0.43,-0.43,0.32,4144000000.0,2047000000.0,1559000000.0,536000000.0,745000000.0,61000000.0,-981000000.0,584000000.0
AGNC,2016-12-31,False,FY,2016,10-K,-199000000.0,,595000000.0,1.79,1.79,2.3,56880000000.0,,,1208000000.0,7356000000.0,1352000000.0,4445000000.0,-5699000000.0
AHGP,2016-12-31,False,FY,2016,10-K,1931023000.0,362954000.0,185934000.0,3.11,3.11,0.0,2197687000.0,281259000.0,327291000.0,44525000.0,,700725000.0,-191788000.0,-503090000.0
ALGT,2016-12-31,False,FY,2016,10-K,1362831000.0,370558000.0,219590000.0,13.23,13.21,2.4,1671576000.0,422054000.0,392898000.0,64711000.0,473622000.0,346861000.0,-401837000.0,32575000.0
KCG,2016-12-31,False,FY,2016,10-K,1454412000.0,,255697000.0,3.03,2.97,0.0,6261287000.0,,,632234000.0,1357283000.0,119552000.0,62465000.0,-130231000.0
KIM,2016-12-31,False,FY,2016,10-K,1170792000.0,300823000.0,332630000.0,0.79,0.79,1.035,11230600000.0,,,142486000.0,5402874000.0,592096000.0,165383000.0,-804527000.0
KW,2016-12-31,False,FY,2016,10-K,703400000.0,138100000.0,2800000.0,0.01,0.01,0.56,7659100000.0,,,885700000.0,2343100000.0,102900000.0,-286700000.0,419800000.0
KRG,2016-12-31,False,FY,2016,10-K,354122000.0,65423000.0,1183000.0,0.01,0.01,1.165,3656371000.0,,,19874000.0,1644266000.0,154933000.0,-82657000.0,-86282000.0
KKR,2016-12-31,False,FY,2016,10-K,1865280000.0,,287072000.0,0.64,0.59,0.0,39002897000.0,,,2508902000.0,,-1562182000.0,-62518000.0,3085862000.0
KOP,2016-12-31,False,FY,2016,10-K,1416200000.0,86400000.0,29300000.0,1.42,1.39,0.0,1087500000.0,438100000.0,293100000.0,20800000.0,34600000.0,119500000.0,-53700000.0,-62700000.0
KOS,2016-12-31,False,FY,2016,10-K,385355000.0,,-283780000.0,-0.74,-0.74,0.0,3341465000.0,475187000.0,370025000.0,194057000.0,1081199000.0,52077000.0,-537763000.0,448019000.0
LH,2016-12-31,False,FY,2016,10-K,9437200000.0,1312400000.0,732100000.0,7.14,7.02,0.0,14247000000.0,2478700000.0,1827600000.0,433600000.0,5505800000.0,1175900000.0,-795700000.0,-649800000.0
ARLP,2016-12-31,False,FY,2016,10-K,1931453000.0,365942000.0,339398000.0,3.39,3.39,0.0,2193042000.0,276672000.0,326871000.0,39782000.0,,703544000.0,-191788000.0,-505405000.0
MDRX,2016-12-31,False,FY,2016,10-K,1549899000.0,59771000.0,-25652000.0,-0.14,-0.14,0.0,3832159000.0,604333000.0,667077000.0,96610000.0,1273201000.0,269004000.0,-1154006000.0,865271000.0
AIMC,2016-12-31,False,FY,2016,10-K,708906000.0,47546000.0,25140000.0,0.97,0.97,0.6,869824000.0,344187000.0,171623000.0,69118000.0,283348000.0,76641000.0,-206908000.0,149772000.0
AMCX,2016-12-31,False,FY,2016,10-K,2755654000.0,657556000.0,270510000.0,3.77,3.74,0.0,4480595000.0,1696343000.0,954178000.0,481389000.0,-1644000.0,514325000.0,-174574000.0,-153864000.0
LVS,2016-12-31,False,FY,2016,10-K,11410000000.0,2493000000.0,1670000000.0,2.1,2.1,2.88,20469000000.0,3098000000.0,2806000000.0,2128000000.0,7496000000.0,4043000000.0,-1442000000.0,-2630000000.0
LAZ,2016-12-31,False,FY,2016,10-K,2383663000.0,517461000.0,387698000.0,3.11,2.92,2.69,4556508000.0,,,1158785000.0,1293813000.0,601287000.0,-37653000.0,-486952000.0
LDOS,2016-12-30,False,FY,2016,10-K,7043000000.0,417000000.0,244000000.0,2.39,2.35,1.28,9132000000.0,2381000000.0,2016000000.0,376000000.0,3147000000.0,446000000.0,26000000.0,-751000000.0
LUK,2016-12-31,False,FY,2016,10-K,10875254000.0,,125364000.0,0.34,0.34,0.25,45071307000.0,,,3807558000.0,10303649000.0,608847000.0,-639657000.0,230906000.0
LVLT,2016-12-31,False,FY,2016,10-K,8172000000.0,1444000000.0,677000000.0,1.89,1.87,0.0,24888000000.0,2653000000.0,1471000000.0,1819000000.0,10917000000.0,2343000000.0,-1319000000.0,-56000000.0
ARII,2016-12-31,False,FY,2016,10-K,639133000.0,130109000.0,72663000.0,3.74,3.74,1.6,1456250000.0,332411000.0,92853000.0,178571000.0,550270000.0,180503000.0,-114738000.0,-185206000.0
LSI,2016-12-31,False,FY,2016,10-K,462608000.0,119835000.0,85225000.0,1.97,1.96,0.0,3857984000.0,,,23685000.0,2088494000.0,225550000.0,-1796069000.0,1587184000.0
AMRB,2016-12-31,False,FY,2016,10-K,2045000.0,,6404000.0,0.95,0.94,0.0,651450000.0,,,27589000.0,83850000.0,9865000.0,-17218000.0,11215000.0
ABCB,2016-12-31,False,FY,2016,10-K,344866000.0,,72100000.0,2.1,2.08,0.3,6892031000.0,,,127164000.0,646437000.0,-69767000.0,-802865000.0,680454000.0
AMSF,2016-12-31,False,FY,2016,10-K,396662000.0,,77865000.0,4.08,4.05,0.72,1518856000.0,,,58936000.0,456150000.0,114212000.0,-50478000.0,-74279000.0
AMKR,2016-12-31,False,FY,2016,10-K,3893635000.0,293940000.0,164190000.0,0.69,0.69,0.0,4092086000.0,1409696000.0,1005661000.0,549518000.0,1403404000.0,729402000.0,-589427000.0,-112179000.0
ANIK,2016-12-31,False,FY,2016,10-K,103379000.0,50607000.0,32547000.0,2.22,2.15,0.0,240246000.0,170440000.0,8799000.0,104261000.0,222773000.0,23801000.0,-6763000.0,-23346000.0
APPF,2016-12-31,False,FY,2016,10-K,105586000.0,-8423000.0,-8281000.0,-0.25,-0.25,0.0,92583000.0,32220000.0,21361000.0,10699000.0,69682000.0,11500000.0,-13065000.0,201000.0
LXU,2016-12-31,False,FY,2016,10-K,374585000.0,-90223000.0,64760000.0,2.54,2.54,0.0,1270420000.0,181146000.0,120246000.0,60017000.0,492513000.0,-22187000.0,153297000.0,-193560000.0
MAC,2016-12-31,False,FY,2016,10-K,1041271000.0,,516995000.0,3.52,3.52,2.75,9958148000.0,,,94046000.0,4427168000.0,417506000.0,443113000.0,-853083000.0
MTW,2016-12-31,False,FY,2016,10-K,1613100000.0,-153300000.0,-375800000.0,-2.73,-2.73,0.0,1517800000.0,749700000.0,412800000.0,69900000.0,590500000.0,-172300000.0,-41500000.0,219400000.0
MFS,2016-12-31,False,FY,2016,10-K,1456600000.0,199200000.0,79500000.0,0.58,0.57,0.0,1769100000.0,308200000.0,313100000.0,53800000.0,-43500000.0,122000000.0,-20400000.0,-78900000.0
MPC,2016-12-31,False,FY,2016,10-K,5007000000.0,2378000000.0,1173000000.0,2.22,2.21,1.36,44413000000.0,10401000000.0,7146000000.0,887000000.0,20203000000.0,3986000000.0,-2941000000.0,-1285000000.0
MRO,2016-12-31,False,FY,2016,10-K,4031000000.0,-900000000.0,-2140000000.0,-2.61,-2.61,0.2,31094000000.0,3665000000.0,2240000000.0,2490000000.0,17541000000.0,1073000000.0,-874000000.0,1074000000.0
AGII,2016-12-31,False,FY,2016,10-K,1576500000.0,,146700000.0,4.86,4.75,0.86,7205000000.0,,,86000000.0,1792700000.0,181400000.0,-145100000.0,-72100000.0
ATRO,2016-12-31,False,FY,2016,10-K,633123000.0,73139000.0,48424000.0,1.66,1.61,0.0,604344000.0,255073000.0,86560000.0,17901000.0,337449000.0,48854000.0,-14622000.0,-34806000.0
MKL,2016-12-31,False,FY,2016,10-K,5612026000.0,803916000.0,455689000.0,31.41,31.27,0.0,25875299000.0,,,1738747000.0,8467411000.0,534623000.0,-1545111000.0,152019000.0
MTZ,2016-12-31,False,FY,2016,10-K,5134703000.0,,131263000.0,1.63,1.61,0.0,3183132000.0,1402486000.0,839990000.0,38767000.0,1103634000.0,205593000.0,-141021000.0,-29486000.0
MMC,2016-12-31,False,FY,2016,10-K,13211000000.0,2664000000.0,1768000000.0,3.41,3.38,0.0,18190000000.0,4884000000.0,4082000000.0,1026000000.0,6272000000.0,2007000000.0,-1056000000.0,-1067000000.0
MLP,2016-12-31,False,FY,2016,10-K,47364000.0,23470000.0,21814000.0,1.15,1.15,0.0,38883000.0,2754000.0,2398000.0,602000.0,17742000.0,33877000.0,-331000.0,-34031000.0
MLM,2016-12-31,False,FY,2016,10-K,3818749000.0,667321000.0,425386000.0,6.66,6.63,1.64,7300905000.0,1086385000.0,546588000.0,50038000.0,4142590000.0,678654000.0,-555313000.0,-241712000.0
MDU,2016-12-31,False,FY,2016,10-K,4128828000.0,409120000.0,63748000.0,0.33,0.33,0.755,6284467000.0,977475000.0,669659000.0,46107000.0,2316244000.0,462209000.0,-305095000.0,-194914000.0
MATX,2016-12-31,False,FY,2016,10-K,1941600000.0,153200000.0,80500000.0,1.87,1.85,0.0,2015500000.0,274200000.0,279200000.0,13900000.0,471500000.0,157800000.0,-320700000.0,151300000.0
MJN,2016-12-31,False,FY,2016,10-K,3742700000.0,,542700000.0,2.93,2.92,1.65,4087700000.0,2706600000.0,1244200000.0,1795400000.0,-472100000.0,691600000.0,-148700000.0,-399600000.0
AXTI,2016-12-31,False,FY,2016,10-K,81349000.0,6425000.0,5459000.0,0.17,0.17,0.0,154246000.0,107286000.0,13050000.0,36152000.0,140291000.0,12504000.0,-1113000.0,1298000.0
MAA,2016-12-31,False,FY,2016,10-K,1125348000.0,,211915000.0,2.69,2.69,3.33,11604491000.0,,,33536000.0,6639795000.0,484039000.0,-710487000.0,222425000.0
MHK,2016-12-31,False,FY,2016,10-K,8959087000.0,1279943000.0,930239000.0,12.55,12.48,0.0,10230596000.0,3471512000.0,2718320000.0,121665000.0,5783487000.0,1327553000.0,-672125000.0,-623900000.0
MS,2016-12-31,False,FY,2016,10-K,37949000000.0,,5508000000.0,2.98,2.92,0.7,814949000000.0,,,22017000000.0,77177000000.0,2447000000.0,-19508000000.0,7424000000.0
MCO,2016-12-31,False,FY,2016,10-K,3604200000.0,638700000.0,266600000.0,1.38,1.36,1.49,5327300000.0,3253100000.0,2428200000.0,2051500000.0,-1027300000.0,1226100000.0,102000000.0,-1009800000.0
MPLX,2016-12-31,False,FY,2016,10-K,2590000000.0,,233000000.0,0.0,0.0,0.0,16646000000.0,740000000.0,704000000.0,234000000.0,,1288000000.0,-1212000000.0,115000000.0
BANR,2016-12-31,False,FY,2016,10-K,-175000.0,83470000.0,85385000.0,2.52,2.52,0.88,9793668000.0,,,177083000.0,1305710000.0,-76688000.0,146447000.0,-83957000.0
BNFT,2016-12-31,False,FY,2016,10-K,233335000.0,-32168000.0,-40058000.0,-1.35,-1.35,0.0,180410000.0,96275000.0,92073000.0,56853000.0,-33311000.0,-22826000.0,25516000.0,6089000.0
BCRX,2016-12-31,False,FY,2016,10-K,26353000.0,-48607000.0,-55144000.0,-0.75,-0.75,0.0,89847000.0,66987000.0,54360000.0,22104000.0,1578000.0,-53438000.0,23339000.0,23304000.0
MSCI,2016-12-31,False,FY,2016,10-K,1150669000.0,488104000.0,260855000.0,2.72,2.7,1.0,3082578000.0,1055670000.0,536570000.0,791834000.0,317605000.0,434738000.0,-42031000.0,-365274000.0
MUR,2016-12-31,False,FY,2016,10-K,1809575000.0,,-275970000.0,-1.6,-1.6,1.2,10295860000.0,1559183000.0,1502432000.0,872797000.0,4916679000.0,600795000.0,286087000.0,-290881000.0
NBHC,2016-12-31,False,FY,2016,10-K,200475000.0,,23008000.0,0.81,0.79,0.07,4573046000.0,,,152736000.0,536189000.0,-3936000.0,114629000.0,-124049000.0
NBR,2016-12-31,False,FY,2016,10-K,2227839000.0,-118335000.0,-1029742000.0,-3.64,-3.64,0.06,8187015000.0,1155839000.0,821934000.0,264093000.0,3254795000.0,531905000.0,-382123000.0,-138216000.0
NCR,2016-12-31,False,FY,2016,10-K,6543000000.0,599000000.0,221000000.0,1.76,1.71,0.0,7673000000.0,2757000000.0,1965000000.0,498000000.0,699000000.0,894000000.0,-189000000.0,-467000000.0
NP,2016-12-31,False,FY,2016,10-K,941500000.0,114100000.0,72300000.0,4.31,4.24,0.0,765600000.0,236300000.0,108000000.0,3100000.0,338300000.0,115800000.0,-68200000.0,-48400000.0
NLS,2016-12-31,False,FY,2016,10-K,406039000.0,53394000.0,34178000.0,1.1,1.09,0.0,333066000.0,183356000.0,98405000.0,47874000.0,160857000.0,45851000.0,-9869000.0,-19035000.0
NNI,2016-12-31,False,FY,2016,10-K,0.0,,256751000.0,6.02,6.02,0.5,27180108000.0,,,69654000.0,2070925000.0,325257000.0,3259415000.0,-3578547000.0
BMRN,2016-12-31,False,FY,2016,10-K,1116854000.0,-803429000.0,-630210000.0,-3.8,-3.81,0.0,4023690000.0,1421791000.0,439310000.0,408330000.0,2766275000.0,-227837000.0,-484047000.0,727108000.0
BJRI,2017-01-03,False,FY,2016,10-K,993052000.0,61641000.0,45557000.0,1.91,1.88,0.0,708879000.0,77073000.0,125698000.0,22761000.0,274897000.0,138359000.0,-104852000.0,-45350000.0
HAWK,2016-12-31,False,FY,2016,10-K,1899778000.0,23249000.0,4630000.0,0.08,0.08,0.0,3595778000.0,2054656000.0,2168833000.0,1008125000.0,792395000.0,185231000.0,-289761000.0,204121000.0
BNCN,2016-12-31,False,FY,2016,10-K,287669000.0,,62913000.0,1.4,1.39,0.2,7401691000.0,,,79815000.0,901882000.0,53338000.0,3074000.0,378448000.0
NR,2016-12-31,False,FY,2016,10-K,471496000.0,-57213000.0,-40712000.0,-0.49,-0.49,0.0,798183000.0,462940000.0,179801000.0,87878000.0,500543000.0,11095000.0,-28260000.0,-650000.0
NE,2016-12-31,False,FY,2016,10-K,2302065000.0,-761946000.0,-929580000.0,-3.82,-3.82,0.2,11440117000.0,1192614000.0,633293000.0,725722000.0,6467445000.0,1128282000.0,-669931000.0,-244874000.0
NWN,2016-12-31,False,FY,2016,10-K,675967000.0,139280000.0,58895000.0,2.13,2.12,1.87,3079801000.0,288053000.0,274517000.0,3521000.0,850497000.0,222147000.0,-136629000.0,-86208000.0
CALD,2016-12-31,False,FY,2016,10-K,206718000.0,-17449000.0,-18966000.0,-0.32,-0.32,0.0,386501000.0,261013000.0,136288000.0,148008000.0,236861000.0,29779000.0,-59103000.0,100799000.0
NUS,2016-12-31,False,FY,2016,10-K,2207797000.0,231104000.0,143086000.0,2.58,2.55,0.0,1474045000.0,714337000.0,399011000.0,357246000.0,664070000.0,275263000.0,-57861000.0,-134714000.0
CBF,2016-12-31,False,FY,2016,10-K,341600000.0,,58164000.0,1.3,1.28,0.0,9930657000.0,,,107707000.0,1292047000.0,71710000.0,-47697000.0,-41101000.0
CRZO,2016-12-31,False,FY,2016,10-K,443594000.0,,-675474000.0,-11.27,-11.27,0.0,1626327000.0,72988000.0,211959000.0,4194000.0,23458000.0,272768000.0,-619832000.0,308340000.0
OII,2016-12-31,False,FY,2016,10-K,2271603000.0,70764000.0,24586000.0,0.25,0.25,0.96,3130315000.0,1262595000.0,508364000.0,450193000.0,1516643000.0,340522000.0,-169471000.0,-97142000.0
OHI,2016-12-31,False,FY,2016,10-K,900827000.0,509745000.0,366415000.0,1.91,1.9,2.36,8949260000.0,,,93687000.0,4211986000.0,625791000.0,-1113908000.0,576296000.0
OLIN,2016-12-31,False,FY,2016,10-K,5550600000.0,152600000.0,-3900000.0,-0.02,-0.02,0.8,8762600000.0,1546200000.0,922600000.0,184500000.0,2273000000.0,603200000.0,-473500000.0,-337500000.0
OB,2016-12-31,False,FY,2016,10-K,1194400000.0,,107400000.0,1.13,1.13,0.84,3589900000.0,,,69600000.0,1025200000.0,47300000.0,19500000.0,-92400000.0
PE,2016-12-31,False,FY,2016,10-K,457773000.0,31147000.0,-74182000.0,-0.46,-0.46,0.0,3938782000.0,299488000.0,344954000.0,133379000.0,2430306000.0,228191000.0,-1885366000.0,1447470000.0
PBFX,2016-12-31,False,FY,2016,10-K,187335000.0,112055000.0,81622000.0,6.029999999999999,6.029999999999999,0.0,748130000.0,148059000.0,66618000.0,64221000.0,,99618000.0,79564000.0,-133639000.0
PMT,2016-12-31,False,FY,2016,10-K,272088000.0,,74477000.0,1.09,1.08,1.88,6357502000.0,,,34476000.0,1351114000.0,-621543000.0,193952000.0,403959000.0
PBF,2016-12-31,False,FY,2016,10-K,15920424000.0,498883000.0,170811000.0,1.74,1.74,1.2,7621927000.0,3407255000.0,2056547000.0,746274000.0,2570684000.0,651934000.0,-1393935000.0,543955000.0
PAG,2016-12-31,False,FY,2016,10-K,20118500000.0,574900000.0,342900000.0,3.99,3.99,1.1,8861100000.0,4421500000.0,4229600000.0,24000000.0,1779500000.0,365500000.0,-836700000.0,438800000.0
CINF,2016-12-31,False,FY,2016,10-K,5449000000.0,,591000000.0,3.59,3.55,1.92,20386000000.0,,,777000000.0,7060000000.0,1103000000.0,-456000000.0,-414000000.0
CHCO,2016-12-31,False,FY,2016,10-K,8920000.0,,52128000.0,3.46,3.45,1.72,3984403000.0,,,62263000.0,442438000.0,65330000.0,-261293000.0,213989000.0
PMC,2016-12-31,False,FY,2016,10-K,2091100000.0,38400000.0,21600000.0,0.7,0.69,0.0,1299500000.0,552400000.0,182300000.0,5400000.0,544200000.0,30800000.0,-91700000.0,43200000.0
DOC,2016-12-31,False,FY,2016,10-K,241034000.0,,28124000.0,0.22,0.22,0.9,2888092000.0,,,15491000.0,1782318000.0,124779000.0,-1261176000.0,1148745000.0
PNW,2016-12-31,False,FY,2016,10-K,3498682000.0,855984000.0,442034000.0,3.97,3.95,2.56,16004253000.0,822219000.0,1292946000.0,8881000.0,4935912000.0,1023390000.0,-1252078000.0,198081000.0
PJC,2016-12-31,False,FY,2016,10-K,769874000.0,,-21952000.0,-1.73,-1.73,0.0,2125503000.0,,,41359000.0,816266000.0,48782000.0,-83726000.0,-111561000.0
CME,2016-12-31,False,FY,2016,10-K,3595200000.0,2202700000.0,1534100000.0,4.55,4.53,4.9,69369400000.0,40031500000.0,38945600000.0,1868600000.0,20340700000.0,1716000000.0,53700000.0,-1593700000.0
CCOI,2016-12-31,False,FY,2016,10-K,446900000.0,64042000.0,14929000.0,0.33,0.33,1.51,737892000.0,327623000.0,67913000.0,274319000.0,-53254000.0,107967000.0,-45234000.0,8341000.0
CTG,2016-12-31,False,FY,2016,10-K,324893000.0,-33347000.0,-34638000.0,-2.22,-2.22,0.18,126915000.0,83641000.0,29911000.0,9407000.0,78819000.0,2055000.0,-2593000.0,-497000.0
PRI,2016-12-31,False,FY,2016,10-K,1519084000.0,,219414000.0,4.59,4.59,0.7,11438943000.0,,,211976000.0,1221374000.0,292167000.0,-47923000.0,-185134000.0
PEG,2016-12-31,False,FY,2016,10-K,9061000000.0,1576000000.0,887000000.0,1.76,1.75,1.64,40070000000.0,3254000000.0,3276000000.0,423000000.0,13130000000.0,3311000000.0,-4248000000.0,966000000.0
PSB,2016-12-31,False,FY,2016,10-K,387389000.0,,62872000.0,2.32,2.31,3.0,2119371000.0,,,128629000.0,1810714000.0,250507000.0,-85008000.0,-225782000.0
CNMD,2016-12-31,False,FY,2016,10-K,763520000.0,37676000.0,14664000.0,0.53,0.52,0.8,1328983000.0,330512000.0,113952000.0,27428000.0,580576000.0,38222000.0,-266025000.0,184202000.0
CSOD,2016-12-31,False,FY,2016,10-K,423124000.0,-56342000.0,-66837000.0,-1.2,-1.2,0.0,623629000.0,493513000.0,346311000.0,83300000.0,26963000.0,35252000.0,-81638000.0,23515000.0
CSGP,2016-12-31,False,FY,2016,10-K,837630000.0,144905000.0,85071000.0,2.64,2.62,0.0,2185063000.0,627491000.0,154946000.0,567223000.0,1654213000.0,195944000.0,-23259000.0,-25865000.0
RDN,2016-12-31,False,FY,2016,10-K,1238452000.0,,308253000.0,1.46,1.37,0.01,5863174000.0,,,52149000.0,2872286000.0,381724000.0,-176058000.0,-203269000.0
RPT,2016-12-31,False,FY,2016,10-K,260930000.0,70908000.0,52963000.0,0.66,0.66,0.86,2061498000.0,,,3582000.0,891691000.0,117095000.0,7746000.0,-127903000.0
RMAX,2016-12-31,False,FY,2016,10-K,176302000.0,72401000.0,22737000.0,1.29,1.29,0.6,437153000.0,81214000.0,46538000.0,57609000.0,60709000.0,64379000.0,-117332000.0,228000.0
RLGY,2016-12-31,False,FY,2016,10-K,5810000000.0,,213000000.0,1.47,1.46,0.18,7421000000.0,818000000.0,1050000000.0,274000000.0,2469000000.0,587000000.0,-190000000.0,-535000000.0
RYAM,2016-12-31,False,FY,2016,10-K,868731000.0,137647000.0,67882000.0,1.61,1.55,0.28,1421939000.0,519508000.0,126979000.0,326655000.0,211749000.0,232225000.0,-86560000.0,79687000.0
RYN,2016-12-31,False,FY,2016,10-K,788278000.0,255777000.0,211972000.0,1.73,1.73,1.0,2685760000.0,164804000.0,91966000.0,85909000.0,1496752000.0,203801000.0,-283155000.0,114423000.0
RGC,2016-12-31,False,FY,2016,10-K,3197100000.0,339400000.0,170400000.0,1.09,1.09,0.88,2645700000.0,446900000.0,510000000.0,246500000.0,-838900000.0,410500000.0,-223600000.0,-160000000.0
RWT,2016-12-31,False,FY,2016,10-K,305172000.0,,127510000.0,1.66,1.54,1.12,5483477000.0,,,212844000.0,1149428000.0,-545653000.0,1333661000.0,-795393000.0
RF,2016-12-31,False,FY,2016,10-K,1201000000.0,,1099000000.0,0.87,0.87,0.255,125968000000.0,,,1853000000.0,16664000000.0,1954000000.0,-631000000.0,-1186000000.0
REG,2016-12-31,False,FY,2016,10-K,614371000.0,,143860000.0,1.43,1.42,2.0,4488906000.0,,,13256000.0,2624502000.0,289376000.0,-409671000.0,96695000.0
COWN,2016-12-31,False,FY,2016,10-K,471565000.0,,-26069000.0,-0.97,-0.97,0.0,2018523000.0,,,112014000.0,772650000.0,-354774000.0,58514000.0,249789000.0
CSGS,2016-12-31,False,FY,2016,10-K,760958000.0,132629000.0,62882000.0,2.03,1.9,0.74,891879000.0,559938000.0,252029000.0,126351000.0,251360000.0,84186000.0,-52142000.0,-42950000.0
RS,2016-12-31,False,FY,2016,10-K,8613400000.0,512600000.0,304300000.0,4.21,4.16,1.65,7411300000.0,2688500000.0,656000000.0,122800000.0,4179100000.0,626500000.0,-505100000.0,-100200000.0
CONE,2016-12-31,False,FY,2016,10-K,529100000.0,70500000.0,19200000.0,0.24,0.24,1.52,2852400000.0,,,14600000.0,1162000000.0,180600000.0,-729600000.0,549300000.0
CONE,2016-12-31,False,FY,2016,10-K,529100000.0,70500000.0,19200000.0,0.24,0.24,1.52,2852400000.0,,,14600000.0,1162000000.0,180600000.0,-729600000.0,549300000.0
RLI,2016-12-31,False,FY,2016,10-K,816328000.0,,114920000.0,2.63,2.59,2.79,2777633000.0,,,18269000.0,823572000.0,174463000.0,-53622000.0,-113653000.0
RDC,2016-12-31,False,FY,2016,10-K,1843200000.0,518400000.0,320600000.0,2.56,2.55,0.0,8675600000.0,1580300000.0,483800000.0,1255500000.0,5113900000.0,900600000.0,-111400000.0,-17900000.0
ROP,2016-12-31,False,FY,2016,10-K,3789925000.0,1054563000.0,658645000.0,6.5,6.43,1.25,14324927000.0,1776501000.0,1445272000.0,757200000.0,5788865000.0,963785000.0,-3752856000.0,2805263000.0
ROL,2016-12-31,False,FY,2016,10-K,1573477000.0,,167369000.0,0.77,0.77,0.5,916538000.0,290171000.0,276991000.0,142785000.0,568545000.0,226525000.0,-76842000.0,-136371000.0
RSPP,2016-12-31,False,FY,2016,10-K,353857000.0,31094000.0,-24851000.0,-0.23,-0.23,0.0,4996427000.0,776262000.0,108269000.0,690776000.0,3416728000.0,166213000.0,-1029423000.0,1411245000.0
DENN,2016-12-28,False,FY,2016,10-K,506948000.0,46999000.0,19402000.0,0.26,0.25,0.0,306151000.0,35907000.0,93370000.0,2592000.0,-71112000.0,71162000.0,-32656000.0,-37585000.0
DEPO,2016-12-31,False,FY,2016,10-K,455897000.0,24509000.0,-88720000.0,-1.45,-1.45,0.0,1225337000.0,306204000.0,227242000.0,117709000.0,250788000.0,65501000.0,45536000.0,-94412000.0
DIOD,2016-12-31,False,FY,2016,10-K,942162000.0,38056000.0,15935000.0,0.33,0.32,0.0,1528552000.0,732782000.0,185373000.0,247802000.0,820467000.0,124742000.0,-27351000.0,-63458000.0
SN,2016-12-31,False,FY,2016,10-K,431326000.0,-191761000.0,-272906000.0,-4.63,-4.63,0.0,1286280000.0,562805000.0,176997000.0,501917000.0,-696140000.0,181251000.0,-108637000.0,-5745000.0
SCG,2016-12-31,False,FY,2016,10-K,0.0,1153000000.0,595000000.0,4.16,4.16,2.3,18707000000.0,1506000000.0,2065000000.0,208000000.0,5725000000.0,1092000000.0,-1620000000.0,560000000.0
SWM,2016-12-31,False,FY,2016,10-K,839900000.0,106100000.0,82300000.0,2.71,2.7,1.62,1173700000.0,364300000.0,135800000.0,107400000.0,508300000.0,129700000.0,-22400000.0,-185700000.0
SEMG,2016-12-31,False,FY,2016,10-K,1332164000.0,121590000.0,2095000.0,0.04,0.04,0.0,3074972000.0,635874000.0,488355000.0,74216000.0,1445965000.0,169974000.0,-228284000.0,75909000.0
DORM,2016-12-31,False,FY,2016,10-K,859604000.0,168601000.0,106049000.0,3.07,3.07,0.0,711792000.0,551614000.0,103848000.0,149121000.0,601642000.0,121539000.0,-26254000.0,-24823000.0
EWBC,2016-12-31,False,FY,2016,10-K,100717000.0,,431677000.0,3.0,2.97,0.8,34788840000.0,,,460559000.0,3427741000.0,641856000.0,-1792660000.0,1680360000.0
ECHO,2016-12-31,False,FY,2016,10-K,1716152159.0,15610516.0,1589678.0,0.06,0.05,0.0,766767916.0,268300874.0,167940695.0,16646089.0,358149730.0,59735765.0,-46887769.0,-52724101.0
SERV,2016-12-31,False,FY,2016,10-K,2746000000.0,,155000000.0,1.14,1.13,0.0,5386000000.0,998000000.0,1042000000.0,291000000.0,686000000.0,325000000.0,-133000000.0,-102000000.0
SPG,2016-12-31,False,FY,2016,10-K,5435229000.0,2720828000.0,1835559000.0,5.87,5.87,6.5,31103578000.0,,,560059000.0,4959912000.0,3372694000.0,-969026000.0,-2544743000.0
SSTK,2016-12-31,False,FY,2016,10-K,494317000.0,45786000.0,32628000.0,0.93,0.91,0.0,501778000.0,339838000.0,203497000.0,224190000.0,286696000.0,101148000.0,-57192000.0,-53535000.0
SAH,2016-12-31,False,FY,2016,10-K,9731779000.0,232909000.0,93193000.0,2.04,2.03,0.2,3639336000.0,2031044000.0,1936880000.0,3108000.0,725164000.0,216368000.0,-220774000.0,3889000.0
BID,2016-12-31,False,FY,2016,10-K,805377000.0,122616000.0,73111000.0,1.28,1.27,0.0,2504426000.0,1268853000.0,742975000.0,496031000.0,505602000.0,158370000.0,-120418000.0,-356275000.0
SJI,2016-12-31,False,FY,2016,10-K,1036500000.0,189276000.0,118810000.0,1.56,1.56,1.07,3730567000.0,473313000.0,952624000.0,18282000.0,1289240000.0,262240000.0,-245168000.0,-2667000.0
WIRE,2016-12-31,False,FY,2016,10-K,940790000.0,50766000.0,33839000.0,1.63,1.63,0.08,657964000.0,376382000.0,50882000.0,95753000.0,573109000.0,58560000.0,-41582000.0,-377000.0
EIGI,2016-12-31,False,FY,2016,10-K,1111142000.0,-39340000.0,-72831000.0,-0.55,-0.55,0.0,2756274000.0,154108000.0,516785000.0,53596000.0,124383000.0,154961000.0,-932401000.0,796396000.0
ESGR,2016-12-31,False,FY,2016,10-K,1130995000.0,,264807000.0,13.72,13.62,0.0,12865744000.0,,,954871000.0,2810832000.0,-202689000.0,156709000.0,83441000.0
EFSC,2016-12-31,False,FY,2016,10-K,7991000.0,,48837000.0,2.44,2.41,0.41,4081328000.0,,,198802000.0,387098000.0,82521000.0,-358057000.0,380181000.0
SEP,2016-12-31,False,FY,2016,10-K,2533000000.0,1228000000.0,1161000000.0,2.84,,0.0,21606000000.0,660000000.0,1779000000.0,216000000.0,2029000000.0,1462000000.0,-2754000000.0,1340000000.0
EQIX,2016-12-31,False,FY,2016,10-K,3611989000.0,618739000.0,126800000.0,1.81,1.79,7.0,12608371000.0,1467526000.0,1028695000.0,748476000.0,4365829000.0,1016580000.0,-1592155000.0,-894292000.0
SPXC,2016-12-31,False,FY,2016,10-K,1472300000.0,55000000.0,-85300000.0,-2.05,-2.02,0.0,1912500000.0,527600000.0,476300000.0,99600000.0,191600000.0,6500000.0,5500000.0,-20500000.0
SRC,2016-12-31,False,FY,2016,10-K,685974000.0,45813000.0,97446000.0,0.21,0.21,0.705,7677971000.0,,,10059000.0,3682108000.0,361409000.0,-117251000.0,-255889000.0
SQ,2016-12-31,False,FY,2016,10-K,1708721000.0,-170453000.0,-171590000.0,-0.5,-0.5,0.0,1211362000.0,1001425000.0,577464000.0,452030000.0,576153000.0,23131000.0,-122733000.0,90741000.0
SCL,2016-12-31,False,FY,2016,10-K,1766166000.0,126193000.0,86191000.0,3.78,3.73,0.78,1353890000.0,685541000.0,297265000.0,225743000.0,635916000.0,212162000.0,-130521000.0,-29772000.0
STL,2016-12-31,False,FY,2016,10-K,532538000.0,,139972000.0,1.07,1.07,0.28,14178447000.0,,,293646000.0,1855183000.0,198899000.0,-2210144000.0,2075378000.0
STC,2016-12-31,False,FY,2016,10-K,2006640000.0,,43478000.0,1.86,1.85,1.2,1341724000.0,,,185772000.0,648848000.0,122962000.0,-56774000.0,-59342000.0
STOR,2016-12-31,False,FY,2016,10-K,376343000.0,,123325000.0,0.82,0.82,1.12,4941668000.0,,,54200000.0,2483255000.0,246304000.0,-1130373000.0,873797000.0
SMLP,2016-12-31,False,FY,2016,10-K,402362000.0,,-40918000.0,-0.71,-0.71,0.0,3115179000.0,109101000.0,71741000.0,7428000.0,,230495000.0,-534126000.0,289266000.0
ESCA,2016-12-31,False,FY,2016,10-K,167650000.0,14583000.0,11493000.0,0.81,0.8,0.11,150761000.0,75623000.0,18418000.0,1013000.0,101713000.0,12169000.0,-9801000.0,-3337000.0
ESND,2016-12-31,False,FY,2016,10-K,5369022000.0,117526000.0,63852000.0,1.75,1.73,0.56,2163506000.0,1608450000.0,682434000.0,21329000.0,781106000.0,130942000.0,-3769000.0,-135964000.0
EXEL,2016-12-30,False,FY,2016,10-K,191454000.0,-28124000.0,-70222000.0,-0.28,-0.28,0.0,597541000.0,470803000.0,270588000.0,151686000.0,89318000.0,206296000.0,-216048000.0,19804000.0
EXPO,2016-12-30,False,FY,2016,10-K,315076000.0,61911000.0,47480000.0,1.79,1.75,0.72,403744000.0,274044000.0,80236000.0,114967000.0,273346000.0,66946000.0,-27443000.0,-49166000.0
FARO,2016-12-31,False,FY,2016,10-K,325584000.0,13284000.0,11107000.0,0.67,0.67,0.0,423714000.0,286230000.0,66610000.0,106169000.0,339657000.0,37583000.0,-37085000.0,249000.0
SXL,2016-12-31,False,FY,2016,10-K,9151000000.0,815000000.0,705000000.0,0.98,0.98,0.0,18849000000.0,2906000000.0,2138000000.0,41000000.0,8693000000.0,888000000.0,-3038000000.0,2154000000.0
STI,2016-12-31,False,FY,2016,10-K,1329000000.0,,1811000000.0,3.63,3.6,1.0,204875000000.0,,,5091000000.0,23618000000.0,-681000000.0,-11157000000.0,12662000000.0
SPN,2016-12-31,False,FY,2016,10-K,1450047000.0,-1030209000.0,-886899000.0,-5.85,-5.85,0.08,3470255000.0,781551000.0,344534000.0,187591000.0,1303920000.0,61252000.0,-74239000.0,-355480000.0
SUN,2016-12-31,False,FY,2016,10-K,15698000000.0,-248000000.0,-406000000.0,-5.26,-5.26,0.0,8701000000.0,1389000000.0,1189000000.0,119000000.0,,561000000.0,-3016000000.0,2501000000.0
SNV,2016-12-31,False,FY,2016,10-K,1295997000.0,,236546000.0,1.9,1.89,0.48,30104002000.0,,,395175000.0,2927924000.0,467767000.0,-1105595000.0,665911000.0
TGNA,2016-12-31,False,FY,2016,10-K,3341198000.0,972074000.0,436697000.0,2.02,1.99,0.56,8542725000.0,790688000.0,619181000.0,76920000.0,2553005000.0,683429000.0,-273276000.0,-462433000.0
FEYE,2016-12-31,False,FY,2016,10-K,714114000.0,-444316000.0,-480129000.0,-2.94,-2.94,0.0,2382965000.0,1087911000.0,536388000.0,223667000.0,841112000.0,-14585000.0,-189696000.0,25846000.0
FITB,2016-12-31,False,FY,2016,10-K,6889000000.0,,1489000000.0,1.95,1.93,0.53,142177000000.0,,,2392000000.0,16232000000.0,2114000000.0,-2887000000.0,625000000.0
FNGN,2016-12-31,False,FY,2016,10-K,432021000.0,49880000.0,28560000.0,0.47,0.46,0.28,840136000.0,248340000.0,77841000.0,134246000.0,747331000.0,74770000.0,-248587000.0,2847000.0
FFBC,2016-12-31,False,FY,2016,10-K,55344000.0,,88526000.0,1.45,1.43,0.64,8437967000.0,,,121598000.0,865224000.0,138361000.0,-309109000.0,177505000.0
TDS,2016-12-31,False,FY,2016,10-K,5104000000.0,60000000.0,43000000.0,0.39,0.39,0.59,9446000000.0,2059000000.0,887000000.0,900000000.0,4750000000.0,782000000.0,-808000000.0,-59000000.0
TPX,2016-12-31,False,FY,2016,10-K,3127300000.0,415500000.0,202100000.0,3.43,3.38,0.0,2702600000.0,671500000.0,545500000.0,65700000.0,-12200000.0,165500000.0,-62400000.0,-185100000.0
THC,2016-12-31,False,FY,2016,10-K,21070000000.0,1219000000.0,-192000000.0,-1.93,-1.93,0.0,24701000000.0,5257000000.0,4034000000.0,716000000.0,1082000000.0,558000000.0,-430000000.0,232000000.0
TEN,2016-12-31,False,FY,2016,10-K,8599000000.0,,363000000.0,6.49,6.44,0.0,4342000000.0,2602000000.0,1970000000.0,347000000.0,639000000.0,489000000.0,-340000000.0,-91000000.0
TEX,2016-12-31,False,FY,2016,10-K,4443100000.0,-147800000.0,-176100000.0,-1.63,-1.63,0.07,5006800000.0,2700500000.0,1407000000.0,428500000.0,1521200000.0,367000000.0,-11800000.0,-300100000.0
TDC,2016-12-31,False,FY,2016,10-K,2322000000.0,232000000.0,125000000.0,0.96,0.95,0.0,2413000000.0,1621000000.0,729000000.0,974000000.0,971000000.0,446000000.0,-35000000.0,-262000000.0
BX,2016-12-31,False,FY,2016,10-K,5125834000.0,,1039235000.0,1.6,1.56,1.66,26403337000.0,,,1837253000.0,,-541286000.0,-28976000.0,570170000.0
AES,2016-12-31,False,FY,2016,10-K,13586000000.0,,-1130000000.0,-1.72,-1.71,0.45,36119000000.0,6411000000.0,5272000000.0,1305000000.0,5700000000.0,2884000000.0,-2108000000.0,-747000000.0
TPRE,2016-12-31,False,FY,2016,10-K,689015000.0,,27547000.0,0.26,0.26,0.0,3895644000.0,,,9951000.0,1449725000.0,4771000.0,-53278000.0,38051000.0
TMK,2016-12-31,False,FY,2016,10-K,3934629000.0,787266000.0,549779000.0,4.58,4.49,0.56,21436087000.0,,,76163000.0,4566861000.0,1398708000.0,-1062436000.0,-319791000.0
TIME,2016-12-31,False,FY,2016,10-K,3076000000.0,2000000.0,-48000000.0,-0.49,-0.49,0.76,4305000000.0,1020000000.0,1008000000.0,296000000.0,1440000000.0,195000000.0,-282000000.0,-258000000.0
TR,2016-12-31,False,FY,2016,10-K,521100000.0,92414000.0,67510000.0,1.08,1.08,0.0,920101000.0,299300000.0,63561000.0,119145000.0,711538000.0,98550000.0,-51884000.0,-51387000.0
TSS,2016-12-31,False,FY,2016,10-K,3041876000.0,573382000.0,319638000.0,1.74,1.73,0.4,6366177000.0,1022689000.0,420353000.0,425354000.0,2099920000.0,717909000.0,-2492876000.0,1822190000.0
FPRX,2016-12-31,False,FY,2016,10-K,30691000.0,-99212000.0,-65697000.0,-2.44,-2.44,0.0,448281000.0,440125000.0,38741000.0,7653000.0,391575000.0,-79751000.0,-53713000.0,-8854000.0
FLIR,2016-12-31,False,FY,2016,10-K,1662167000.0,295718000.0,166626000.0,1.22,1.2,0.12,2619706000.0,1164657000.0,361712000.0,361349000.0,1678326000.0,312280000.0,-447812000.0,38607000.0
TPH,2016-12-31,False,FY,2016,10-K,2405142000.0,295959000.0,195171000.0,1.21,1.21,0.0,3564640000.0,,,208657000.0,1848510000.0,-158310000.0,-4008000.0,156490000.0
TROX,2016-12-31,False,FY,2016,10-K,2093000000.0,36000000.0,-59000000.0,-0.5,-0.5,0.0,4950000000.0,1253000000.0,522000000.0,248000000.0,1161000000.0,211000000.0,-117000000.0,-77000000.0
TBI,2017-01-01,False,FY,2016,10-K,30000000.0,-16995000.0,-15251000.0,-0.37,-0.37,0.0,1130445000.0,427803000.0,251135000.0,34970000.0,525179000.0,261754000.0,-143216000.0,-115121000.0
TWTR,2016-12-31,False,FY,2016,10-K,2529619000.0,-367208000.0,-456873000.0,-0.65,-0.65,0.0,6870365000.0,4652196000.0,584021000.0,988598000.0,4604935000.0,763055000.0,-598008000.0,-83975000.0
FULT,2016-12-31,False,FY,2016,10-K,793278000.0,,161625000.0,0.93,0.93,0.41,18944247000.0,,,118763000.0,2121115000.0,185410000.0,-1000416000.0,832649000.0
USM,2016-12-31,False,FY,2016,10-K,3939000000.0,-3000000.0,48000000.0,0.56,0.56,0.0,7110000000.0,1558000000.0,718000000.0,586000000.0,3645000000.0,501000000.0,-618000000.0,-12000000.0
UNVR,2016-12-31,False,FY,2016,10-K,8073700000.0,86400000.0,-68400000.0,-0.5,-0.5,0.0,5389900000.0,2178100000.0,1339500000.0,336400000.0,809900000.0,449600000.0,-136000000.0,-166100000.0
UVE,2016-12-31,False,FY,2016,10-K,685289000.0,,99400000.0,2.85,2.79,0.69,1060007000.0,,,105730000.0,371190000.0,121396000.0,-174311000.0,-38369000.0
USFD,2016-12-31,False,FY,2016,10-K,22918808000.0,413821000.0,209794000.0,1.05,1.03,0.0,8944450000.0,2789171000.0,1969285000.0,131090000.0,2537650000.0,555642000.0,-762144000.0,-180210000.0
VLP,2016-12-31,False,FY,2016,10-K,362619000.0,204574000.0,189943000.0,2.85,2.85,0.0,971909000.0,103711000.0,19023000.0,71491000.0,,229894000.0,-126732000.0,-112454000.0
GILD,2016-12-31,False,FY,2016,10-K,30390000000.0,17633000000.0,13501000000.0,10.08,9.94,1.84,56977000000.0,20445000000.0,9219000000.0,8229000000.0,19363000000.0,16669000000.0,-11985000000.0,-9347000000.0
VMW,2016-12-31,False,FY,2016,10-K,7093000000.0,1439000000.0,1186000000.0,2.82,2.78,0.0,16643000000.0,10335000000.0,4554000000.0,2790000000.0,8097000000.0,2381000000.0,-465000000.0,-1619000000.0
WPC,2016-12-31,False,FY,2016,10-K,941533000.0,,266861000.0,2.5,2.49,3.9292,8453954000.0,,,155482000.0,3425140000.0,517771000.0,-269806000.0,-242804000.0
VMC,2016-12-31,False,FY,2016,10-K,3592667000.0,679582000.0,419491000.0,3.15,3.09,0.8,8471475000.0,1137182000.0,372244000.0,258986000.0,4572476000.0,644588000.0,-365077000.0,-304585000.0
WRB,2015-12-31,False,FY,2015,10-K,7206457000.0,,503694000.0,4.06,3.87,0.0,21730967000.0,,,763631000.0,4633208000.0,881304000.0,-170763000.0,-555318000.0
WDR,2016-12-31,False,FY,2016,10-K,1239023000.0,236393000.0,146907000.0,1.78,1.78,1.84,1406272000.0,1091839000.0,296978000.0,555102000.0,844002000.0,123647000.0,75871000.0,-202911000.0
WD,2016-12-31,False,FY,2016,10-K,575276000.0,,113897000.0,3.87,3.65,0.0,3052432000.0,,,118756000.0,615074000.0,759366000.0,-66761000.0,-693622000.0
WNC,2016-12-31,False,FY,2016,10-K,1845444000.0,202532000.0,119433000.0,1.87,1.82,0.0,898733000.0,481405000.0,166614000.0,163467000.0,472391000.0,178750000.0,-17309000.0,-176827000.0
GOGO,2016-12-31,False,FY,2016,10-K,596550000.0,-26637000.0,-124505000.0,-1.58,-1.58,0.0,1246196000.0,604730000.0,251063000.0,117302000.0,-40393000.0,64988000.0,-295559000.0,201053000.0
WCN,2016-12-31,False,FY,2016,10-K,3375863000.0,452298000.0,246540000.0,1.61,1.6,0.615,11193102000.0,832569000.0,692177000.0,154382000.0,5654877000.0,795312000.0,-296395000.0,-354869000.0
WPG,2016-12-31,False,FY,2016,10-K,843475000.0,184993000.0,53099000.0,0.29,0.29,1.0,5107466000.0,,,59353000.0,1262811000.0,289798000.0,-125942000.0,-220756000.0
WTS,2016-12-31,False,FY,2016,10-K,1398400000.0,145000000.0,84200000.0,2.45,2.44,0.71,1800300000.0,858000000.0,425500000.0,338400000.0,736300000.0,138100000.0,-114000000.0,27700000.0
WAT,2016-12-31,False,FY,2016,10-K,2167423000.0,624339000.0,521503000.0,6.46,6.41,0.0,4662059000.0,3635445000.0,520321000.0,505631000.0,2301949000.0,629076000.0,-487918000.0,-101857000.0
HBHC,2016-12-31,False,FY,2016,10-K,982948000.0,,149296000.0,1.87,1.87,0.96,23975302000.0,,,372689000.0,2719768000.0,340737000.0,-1321031000.0,1049109000.0
HCSG,2016-12-31,False,FY,2016,10-K,1562662000.0,,77396000.0,1.06,1.05,0.7375,528446000.0,414624000.0,100871000.0,23853000.0,338842000.0,41400000.0,-6452000.0,-44284000.0
HSTM,2016-12-31,False,FY,2016,10-K,225974000.0,5567000.0,3755000.0,0.12,0.12,0.0,396000000.0,177437000.0,94970000.0,49634000.0,286108000.0,24234000.0,-56656000.0,46000.0
WY,2016-12-31,False,FY,2016,10-K,6365000000.0,870000000.0,1005000000.0,1.4,1.39,1.24,19243000000.0,1622000000.0,1206000000.0,676000000.0,9180000000.0,735000000.0,2559000000.0,-3630000000.0
WTM,2016-12-31,False,FY,2016,10-K,1360700000.0,,412500000.0,82.24,82.19,1.0,6544700000.0,,,149800000.0,3737200000.0,-155300000.0,1276800000.0,-942400000.0
WWAV,2016-12-31,False,FY,2016,10-K,4198099000.0,401749000.0,214554000.0,1.21,1.18,0.0,4468888000.0,703941000.0,600641000.0,45828000.0,1430696000.0,316481000.0,-307761000.0,10659000.0
XRX,2016-12-31,False,FY,2016,10-K,10446000000.0,-1343000000.0,-477000000.0,-0.49,-0.49,0.31,18145000000.0,6992000000.0,4654000000.0,2223000000.0,4841000000.0,1095000000.0,-397000000.0,584000000.0
XEL,2016-12-31,False,FY,2016,10-K,11106920000.0,2213855000.0,1123379000.0,2.21,2.21,1.36,41155277000.0,2842081000.0,3247043000.0,84476000.0,11020849000.0,3052299000.0,-3261413000.0,208650000.0
ZION,2016-12-31,False,FY,2016,10-K,2469923000.0,,411309000.0,2.0,1.99,0.0,63239165000.0,,,737327000.0,7634306000.0,596067000.0,-3436254000.0,2779195000.0
ZEN,2016-12-31,False,FY,2016,10-K,311999000.0,-104326000.0,-103799000.0,-1.11,-1.11,0.0,475285000.0,279818000.0,167218000.0,93677000.0,299428000.0,24522000.0,-182364000.0,35627000.0
HZNP,2016-12-31,False,FY,2016,10-K,981120000.0,-147167000.0,-166834000.0,-1.04,-1.04,0.0,4292059000.0,1046282000.0,605852000.0,509055000.0,1263779000.0,369456000.0,-1375881000.0,657074000.0
HSNI,2016-12-31,False,FY,2016,10-K,3567485000.0,205807000.0,118708000.0,2.27,2.25,1.4,1304533000.0,813018000.0,544081000.0,42734000.0,195486000.0,236518000.0,-42361000.0,-215349000.0
HUBG,2016-12-31,False,FY,2016,10-K,3572790000.0,123834000.0,74805000.0,2.21,2.2,0.0,1360259000.0,622290000.0,417721000.0,127404000.0,628179000.0,102473000.0,-105348000.0,-77363000.0
ICFI,2016-12-31,False,FY,2016,10-K,1185097000.0,82793000.0,46584000.0,2.45,2.4,0.0,1085571000.0,299131000.0,196720000.0,6042000.0,566004000.0,79563000.0,-13891000.0,-66974000.0
INCR,2016-12-31,False,FY,2016,10-K,1610596000.0,155359000.0,112630000.0,2.08,2.03,0.0,1288507000.0,522629000.0,466727000.0,102471000.0,301473000.0,109332000.0,-31353000.0,-53316000.0
IMPV,2016-12-31,False,FY,2016,10-K,264455000.0,-69030000.0,-70279000.0,-2.18,-2.18,0.0,408819000.0,332243000.0,138094000.0,107343000.0,231963000.0,22494000.0,-78447000.0,-4831000.0
PODD,2016-12-31,False,FY,2016,10-K,366989000.0,-10704000.0,-28879000.0,-0.48,-0.48,0.0,456647000.0,369960000.0,55697000.0,137174000.0,63150000.0,15911000.0,-178010000.0,176567000.0
IBOC,2016-12-31,False,FY,2016,10-K,549616000.0,,133932000.0,2.03,2.02,0.6,11804041000.0,,,269198000.0,1724667000.0,203220000.0,-137763000.0,-69312000.0
IPGP,2016-12-31,False,FY,2016,10-K,1006173000.0,364313000.0,260752000.0,4.91,4.85,0.0,1789999000.0,1300962000.0,158275000.0,623855000.0,1557724000.0,292288000.0,-274408000.0,32851000.0
ISLE,2017-01-22,False,Q3,2017,10-Q,193817000.0,24222000.0,8165000.0,0.2,0.2,0.0,1202430000.0,263553000.0,147573000.0,54040000.0,118051000.0,83727000.0,-60477000.0,-31336000.0
KFRC,2016-12-31,False,FY,2016,10-K,1319706000.0,58602000.0,32773000.0,1.26,1.25,0.48,365421000.0,223505000.0,83353000.0,1482000.0,121736000.0,39447000.0,-12420000.0,-27042000.0
KLREU,2016-12-31,False,FY,2016,10-K,,-1636568.0,-1439760.0,-0.55,-0.55,0.0,85577017.0,252880.0,1094487.0,228464.0,5000002.0,-595662.0,-85127329.0,85845502.0
KTOS,2016-12-25,False,FY,2016,10-K,668700000.0,-18600000.0,-60500000.0,-0.99,-0.99,0.0,948600000.0,373100000.0,196500000.0,69100000.0,276400000.0,-12400000.0,-13900000.0,63100000.0
LAMR,2016-12-31,False,FY,2016,10-K,32669000.0,439045000.0,298444000.0,3.07,3.05,3.02,3900466000.0,315835000.0,277324000.0,35530000.0,1069528000.0,521823000.0,-680983000.0,171908000.0
LSTR,2016-12-31,False,FY,2016,10-K,3167634000.0,223251000.0,137350000.0,3.26,3.25,0.34,1096591000.0,737407000.0,380311000.0,178897000.0,542557000.0,190242000.0,-14167000.0,-112074000.0
LECO,2016-12-31,False,FY,2016,10-K,2274614000.0,288274000.0,198399000.0,2.94,2.91,1.31,1943437000.0,1043713000.0,388107000.0,379179000.0,712206000.0,303403000.0,-159946000.0,-62854000.0
LFUS,2016-12-31,False,FY,2016,10-K,1056159000.0,130644000.0,104488000.0,4.63,4.6,1.24,1491194000.0,612081000.0,187541000.0,275124000.0,814931000.0,180133000.0,-511243000.0,284196000.0
LKQ,2016-12-31,False,FY,2016,10-K,8584031000.0,763398000.0,463975000.0,1.51,1.5,0.0,8303199000.0,3567594000.0,1210785000.0,227400000.0,3442949000.0,635014000.0,-1709928000.0,1225737000.0
LPLA,2016-12-31,False,FY,2016,10-K,4049383000.0,,191931000.0,2.15,2.13,0.0,4834926000.0,,,747709000.0,820995000.0,274837000.0,-125286000.0,-126371000.0
LMNX,2016-12-31,False,FY,2016,10-K,270639000.0,20986000.0,13814000.0,0.32,0.32,0.0,450716000.0,173737000.0,40200000.0,93452000.0,403679000.0,49681000.0,-62892000.0,-21630000.0
MGLN,2016-12-31,False,FY,2016,10-K,4836884000.0,,77879000.0,3.36,3.22,0.0,2443687000.0,1319267000.0,1092850000.0,304508000.0,1099719000.0,66699000.0,-244339000.0,233119000.0
TUSK,2016-12-31,False,FY,2016,10-K,230998721.0,-31063906.0,-88407995.0,-0.58,-0.58,0.0,420553835.0,86357347.0,29339480.0,28693985.0,341041680.0,28101652.0,-7295817.0,4659841.0
MBFI,2016-12-31,False,FY,2016,10-K,932080000.0,,166127000.0,2.16,2.13,0.74,19302317000.0,,,364783000.0,2579209000.0,92548000.0,-727654000.0,558053000.0
MELI,2016-12-31,False,FY,2016,10-K,844396000.0,181056000.0,136366000.0,3.09,3.09,0.6,1367435000.0,869461000.0,576601000.0,234140000.0,428854000.0,190259000.0,-84243000.0,-19668000.0
MGEE,2016-12-31,False,FY,2016,10-K,544745000.0,128228000.0,75560000.0,2.18,2.18,1.21,1801060000.0,275515000.0,103505000.0,95959000.0,724088000.0,147513000.0,-86826000.0,-46112000.0
MDLZ,2016-12-31,False,FY,2016,10-K,25923000000.0,2569000000.0,1659000000.0,1.07,1.05,0.72,61538000000.0,8480000000.0,14417000000.0,1741000000.0,25215000000.0,2838000000.0,-1029000000.0,-1862000000.0
MNTA,2016-12-31,False,FY,2016,10-K,109619000.0,-74727000.0,-21003000.0,-0.31,-0.31,0.0,477737000.0,428000000.0,70676000.0,150738000.0,371908000.0,7888000.0,80048000.0,1341000.0
MTGE,2016-12-31,False,FY,2016,10-K,6059000.0,,39201000.0,0.85,0.85,1.6,4797155000.0,,,123640000.0,933045000.0,87346000.0,752228000.0,-885253000.0
NCMI,2016-12-29,False,FY,2016,10-K,447600000.0,173000000.0,25400000.0,0.42,0.42,0.88,1057400000.0,221100000.0,120600000.0,23000000.0,-181200000.0,133500000.0,-4300000.0,-137900000.0
BABY,2016-12-31,False,FY,2016,10-K,381892000.0,55260000.0,42594000.0,1.31,1.29,0.0,649012000.0,405799000.0,79941000.0,213551000.0,417374000.0,72687000.0,-53264000.0,118417000.0
SLM,2016-12-31,False,FY,2016,10-K,1146062000.0,,229123000.0,0.54,0.53,0.0,18533003000.0,,,26900000.0,2347058000.0,-200932000.0,-3331041000.0,3034547000.0
NAVI,2016-12-31,False,FY,2016,10-K,1010000000.0,,681000000.0,2.15,2.12,0.64,121136000000.0,,,1253000000.0,3723000000.0,1357000000.0,11411000000.0,-13109000000.0
NTGR,2016-12-31,False,FY,2016,10-K,1328298000.0,114027000.0,75851000.0,2.32,2.25,0.0,1184456000.0,962785000.0,356653000.0,240468000.0,796819000.0,115173000.0,-48759000.0,-7891000.0
NTRS,2016-12-31,False,FY,2016,10-K,4961800000.0,,1009100000.0,4.35,4.32,0.0,123926900000.0,,,5332000000.0,9770400000.0,1510000000.0,-10192100000.0,7536900000.0
NVAX,2016-12-31,False,FY,2016,10-K,15353000.0,-269113000.0,-279966000.0,-1.03,-1.03,0.0,394301000.0,287830000.0,66406000.0,144353000.0,-5546000.0,-255467000.0,28017000.0,279030000.0
NCLH,2016-12-31,False,FY,2016,10-K,4874340000.0,925464000.0,633085000.0,2.79,2.78,0.0,12973911000.0,411093000.0,2312818000.0,128347000.0,4537726000.0,1239666000.0,-1128914000.0,-98342000.0
ODFL,2016-12-31,False,FY,2016,10-K,2991517000.0,483835000.0,295765000.0,3.56,3.56,0.0,2696247000.0,382622000.0,288636000.0,10171000.0,1851158000.0,565583000.0,-407400000.0,-159484000.0
OFIX,2016-12-31,False,FY,2016,10-K,409788000.0,21067000.0,3056000.0,0.17,0.17,0.0,372103000.0,194373000.0,83441000.0,39572000.0,263477000.0,44707000.0,-21947000.0,-46112000.0
PEGA,2016-12-31,False,FY,2016,10-K,750266000.0,37759000.0,26986000.0,0.35,0.34,0.12,654656000.0,425132000.0,287472000.0,70594000.0,335889000.0,39874000.0,-7172000.0,-51716000.0
PENN,2016-12-31,False,FY,2016,10-K,3034380000.0,543016000.0,100648000.0,1.21,1.19,0.0,4974484000.0,399265000.0,536316000.0,229510000.0,-543320000.0,404823000.0,-79288000.0,-333034000.0
PEBO,2016-12-31,False,FY,2016,10-K,117270000.0,45282000.0,31157000.0,1.72,1.71,0.0,3432348000.0,,,58129000.0,435261000.0,60311000.0,-198358000.0,133078000.0
PHII,2016-12-31,False,FY,2016,10-K,634098000.0,224000.0,-26680000.0,-1.7,-1.7,0.0,1448440000.0,521666000.0,57050000.0,2596000.0,599778000.0,-564000.0,-75218000.0,75971000.0
PNFP,2016-12-31,False,FY,2016,10-K,484611990.0,,127224695.0,2.96,2.91,0.0,11194622599.0,,,183645420.0,1496696112.0,126638676.0,-1253404506.0,989459917.0
POOL,2016-12-31,False,FY,2016,10-K,2570803000.0,255859000.0,148955000.0,3.56,3.47,1.19,994095000.0,695557000.0,296220000.0,21956000.0,205210000.0,165378000.0,-55643000.0,-99672000.0
PRIM,2016-12-31,False,FY,2016,10-K,1996948000.0,57749000.0,26723000.0,0.52,0.51,0.22,1170798000.0,731381000.0,449938000.0,135823000.0,498570000.0,62577000.0,-59421000.0,-28455000.0
PRPH,2016-12-31,False,FY,2016,10-K,21014000.0,-2656000.0,-2868000.0,-0.17,-0.17,0.0,12802000.0,9627000.0,6840000.0,441000.0,5962000.0,-472000.0,-651000.0,-100000.0
PRTA,2016-12-31,False,FY,2016,10-K,1055000.0,-159535000.0,-160108000.0,-4.66,-4.66,0.0,459976000.0,391362000.0,41075000.0,386923000.0,365403000.0,-117269000.0,-16644000.0,154306000.0
QLYS,2016-12-31,False,FY,2016,10-K,197925000.0,30107000.0,19224000.0,0.55,0.5,0.0,407004000.0,300688000.0,130332000.0,86737000.0,258413000.0,68110000.0,-96490000.0,23419000.0
RDUS,2016-12-31,False,FY,2016,10-K,,-184948000.0,-182804000.0,0.0,-4.24,0.0,340282000.0,334809000.0,32725000.0,258567000.0,307178000.0,-139804000.0,236120000.0,2573000.0
RNWK,2016-12-31,False,FY,2016,10-K,120468000.0,-37174000.0,-36550000.0,-0.99,-0.99,0.0,130437000.0,104884000.0,38580000.0,33721000.0,88581000.0,-24328000.0,11552000.0,-345000.0
RNST,2016-12-31,False,FY,2016,10-K,466553000.0,,90930000.0,2.18,2.17,0.71,8699851000.0,,,160570000.0,1232883000.0,163797000.0,-351993000.0,282849000.0
RTTR,2016-12-31,False,FY,2016,10-K,,-18446727.0,-18384634.0,-2.04,-2.04,0.0,7236902.0,7203034.0,3133839.0,7046282.0,4103063.0,-15208718.0,-8063.0,6443497.0
STBA,2016-12-31,False,FY,2016,10-K,282409000.0,,71167000.0,2.06,2.05,0.77,6943053000.0,,,139486000.0,841956000.0,96796000.0,-616653000.0,559944000.0
SAIA,2016-12-31,False,FY,2016,10-K,1218481000.0,79136000.0,48024000.0,1.92,1.87,0.0,800370000.0,166479000.0,144944000.0,1539000.0,483078000.0,145776000.0,-117683000.0,-26678000.0
SAGE,2016-12-31,False,FY,2016,10-K,,-160163000.0,-158987000.0,-4.75,-4.75,0.0,404531000.0,402579000.0,35169000.0,168517000.0,368517000.0,-118678000.0,-230540000.0,330982000.0
SAFT,2016-12-31,False,FY,2016,10-K,819822000.0,,64585000.0,4.29,4.27,2.8,1758246000.0,,,20052000.0,670726000.0,98824000.0,-84252000.0,-42014000.0
SNI,2016-12-31,False,FY,2016,10-K,3401435000.0,1148595000.0,673595000.0,5.2,5.18,1.0,6200294000.0,1658099000.0,716531000.0,122937000.0,2228428000.0,948826000.0,140731000.0,-1175443000.0
SCSS,2016-12-31,False,FY,2016,10-K,1311291000.0,76650000.0,51417000.0,1.11,1.1,0.0,457166000.0,138327000.0,225317000.0,11609000.0,160320000.0,151645000.0,-42675000.0,-118355000.0
SNH,2016-12-31,False,FY,2016,10-K,1058022000.0,303083000.0,137234000.0,0.6,0.6,1.56,7227754000.0,,,31749000.0,3199405000.0,426807000.0,-292869000.0,-139845000.0
SKYW,2016-12-31,False,FY,2016,10-K,3121206000.0,-172684000.0,-161586000.0,-3.14,-3.14,0.19,5137251000.0,1047077000.0,747265000.0,146766000.0,1350943000.0,506665000.0,-1177078000.0,614144000.0
SLM,2016-12-31,False,FY,2016,10-K,1146062000.0,,229123000.0,0.54,0.53,0.0,18533003000.0,,,26900000.0,2347058000.0,-200932000.0,-3331041000.0,3034547000.0
SOHU,2016-12-31,False,FY,2016,10-K,1650431000.0,-117134000.0,-224021000.0,-5.79,-5.83,0.0,2563690000.0,1851262000.0,932742000.0,1050957000.0,1557795000.0,239620000.0,-50739000.0,-327934000.0
SONS,2016-12-31,False,FY,2016,10-K,252591000.0,-13609000.0,-13932000.0,-0.28,-0.28,0.0,308059000.0,177914000.0,77069000.0,31923000.0,219122000.0,19192000.0,-27347000.0,-9870000.0
SSB,2016-12-31,False,FY,2016,10-K,36505000.0,,101282000.0,4.22,4.18,1.21,8900592000.0,,,374448000.0,1134588000.0,138011000.0,-690919000.0,231562000.0
SBSI,2016-12-31,False,FY,2016,10-K,208324000.0,,49349000.0,1.86,1.86,1.0,5563767000.0,,,59363000.0,518274000.0,86725000.0,-384404000.0,386358000.0
STBZ,2016-12-31,False,FY,2016,10-K,204558000.0,,46288000.0,1.29,1.28,0.56,4224859000.0,,,13219000.0,613633000.0,19420000.0,-198684000.0,153495000.0
SPSC,2016-12-31,False,FY,2016,10-K,193295000.0,7517000.0,5710000.0,0.34,0.33,0.0,298365000.0,185933000.0,32161000.0,115877000.0,249267000.0,18765000.0,-34157000.0,10105000.0
SNCR,2016-12-31,False,FY,2016,10-K,476750000.0,-71809000.0,19588000.0,0.45,0.45,0.0,1164729000.0,364453000.0,153607000.0,181018000.0,657115000.0,142589000.0,-99376000.0,-8976000.0
TCMD,2016-12-31,False,FY,2016,10-K,84542000.0,4272000.0,1632000.0,0.18,0.15,0.0,73935000.0,64233000.0,13793000.0,30701000.0,59639000.0,7033000.0,-11844000.0,28452000.0
TERP,2016-09-30,False,Q3,2016,10-Q,178118000.0,50708000.0,-26171000.0,0.0,0.0,0.0,7994979000.0,934216000.0,1976895000.0,540147000.0,2840893000.0,144916000.0,-103448000.0,-127275000.0
TXRH,2016-12-27,False,FY,2016,10-K,1990714000.0,171900000.0,115598000.0,1.64,1.63,0.76,1179971000.0,200259000.0,279527000.0,112944000.0,758242000.0,257065000.0,-164738000.0,-38717000.0
PCLN,2016-12-31,False,FY,2016,10-K,10743006000.0,2906313000.0,2134987000.0,43.14,42.65,0.0,19838973000.0,5401519000.0,2858670000.0,2081075000.0,9820142000.0,3924697000.0,-3333295000.0,57737000.0
SPNC,2016-12-31,False,FY,2016,10-K,270823000.0,-43635000.0,-58120000.0,-1.35,-1.35,0.0,430078000.0,135532000.0,66942000.0,57237000.0,74323000.0,-24433000.0,-5354000.0,2372000.0
ULTI,2016-12-31,False,FY,2016,10-K,781291000.0,41684000.0,30253000.0,1.04,0.99,0.0,1152581000.0,779747000.0,707640000.0,73773000.0,432108000.0,159521000.0,358245000.0,-553722000.0
TTS,2016-12-31,False,FY,2016,10-K,324157000.0,32913000.0,18463000.0,0.36,0.36,0.0,265273000.0,96201000.0,60188000.0,6067000.0,138899000.0,53552000.0,-27252000.0,-30528000.0
TRMB,2016-12-30,False,FY,2016,10-K,2362200000.0,181000000.0,132400000.0,0.53,0.52,0.0,3673800000.0,978700000.0,688200000.0,216100000.0,2305700000.0,407100000.0,-144400000.0,-155800000.0
TTMI,2017-01-02,False,FY,2016,10-K,2533359000.0,173453000.0,34861000.0,0.35,0.34,0.0,2500076000.0,1012841000.0,689065000.0,256277000.0,829125000.0,298336000.0,-77968000.0,-217109000.0
USCR,2016-12-31,False,FY,2016,10-K,1168160000.0,87142000.0,8861000.0,0.59,0.55,0.0,945402000.0,341289000.0,270006000.0,75774000.0,188829000.0,112124000.0,-162695000.0,122420000.0
UCBI,2016-12-31,False,FY,2016,10-K,404281000.0,,100635000.0,1.4,1.4,0.3,10708655000.0,,,217348000.0,1075735000.0,44156000.0,-12334000.0,-39180000.0
ECOL,2016-12-31,False,FY,2016,10-K,477665000.0,70029000.0,34252000.0,1.58,1.57,0.72,776400000.0,115368000.0,62594000.0,7015000.0,280024000.0,74627000.0,-42004000.0,-31589000.0
VRTS,2016-12-31,False,FY,2016,10-K,322554000.0,50814000.0,48502000.0,6.34,6.2,1.8,824388000.0,,,82687000.0,321673000.0,30522000.0,3079000.0,-48298000.0
VTVT,2016-12-31,False,FY,2016,10-K,634000.0,-55020000.0,-16352000.0,-1.71,-1.71,0.0,54495000.0,52117000.0,11434000.0,51505000.0,-90945000.0,-48209000.0,-83000.0,11794000.0
VWR,2016-12-31,False,FY,2016,10-K,4514200000.0,315600000.0,148200000.0,1.13,1.12,0.0,4962500000.0,1352100000.0,986100000.0,168700000.0,1494400000.0,266200000.0,-202700000.0,-26800000.0
WSBC,2016-12-31,False,FY,2016,10-K,86022000.0,,86635000.0,2.16,2.16,0.96,9790877000.0,,,128170000.0,1341408000.0,123697000.0,193968000.0,-276180000.0
WABC,2016-12-31,False,FY,2016,10-K,65164000.0,,58853000.0,2.3,2.29,1.56,5366083000.0,,,462271000.0,561367000.0,58880000.0,-197263000.0,-21279000.0
WYNN,2016-12-31,False,FY,2016,10-K,4466297000.0,521662000.0,241975000.0,2.39,2.38,0.0,11953557000.0,2990367000.0,1416301000.0,2453122000.0,257881000.0,970546000.0,-1288250000.0,691866000.0
ZBRA,2016-12-31,False,FY,2016,10-K,3574000000.0,80000000.0,-137000000.0,-2.65,-2.65,0.0,4632000000.0,1222000000.0,949000000.0,156000000.0,792000000.0,372000000.0,-39000000.0,-376000000.0
ZION,2016-12-31,False,FY,2016,10-K,2469923000.0,,411309000.0,2.0,1.99,0.0,63239165000.0,,,737327000.0,7634306000.0,596067000.0,-3436254000.0,2779195000.0
