symbol,end_date,amend,period_focus,fiscal_year,doc_type,revenues,op_income,net_income,eps_basic,eps_diluted,dividend,assets,cur_assets,cur_liab,cash,equity,cash_flow_op,cash_flow_inv,cash_flow_fin
BRN,2016-12-31,False,Q1,2017,10-Q,4280000.0,1946000.0,1641000.0,0.2,0.2,0.0,34324000.0,22190000.0,5452000.0,15360000.0,15921000.0,-966000.0,971000.0,-54000.0
ROX,2016-12-31,False,Q3,2017,10-Q,18309539.0,853736.0,422566.0,0.0,0.0,0.0,53785847.0,44793412.0,12301082.0,937750.0,24763059.0,-2202202.0,-336808.0,2059809.0
CVM,2016-12-31,False,Q1,2017,10-Q,125000.0,-5414607.0,3536802.0,0.02,0.01,0.0,9927889.0,4522290.0,3793602.0,2386673.0,4433291.0,-4239206.0,0.0,3707883.0
ESP,2016-12-31,False,Q2,2017,10-Q,5667624.0,329764.0,244079.0,0.11,0.11,0.25,33895324.0,31540215.0,1640744.0,8857278.0,32052332.0,3489362.0,-3611126.0,-1052602.0
EPM,2016-12-31,False,Q2,2017,10-Q,8529817.0,3675381.0,2307634.0,0.07,0.07,0.0,87087102.0,22876334.0,4271286.0,19156377.0,68586678.0,5852265.0,-8327195.0,-12445753.0
ISR,2016-12-31,False,Q2,2017,10-Q,1028000.0,-1479000.0,-1452000.0,-0.03,-0.03,0.0,14985000.0,13179000.0,871000.0,6668000.0,13567000.0,-3014000.0,-448000.0,-9000.0
MXC,2016-12-31,False,Q3,2017,10-Q,590134.0,-127366.0,-159741.0,-0.08,-0.08,0.0,12928269.0,414319.0,,60858.0,8695336.0,97030.0,2439815.0,-2510000.0
PZG,2016-12-31,False,Q2,2017,10-Q,40599.0,-1867372.0,-1824892.0,0.12,0.12,0.0,51016688.0,2247589.0,632716.0,1813694.0,49360159.0,-3060777.0,-999787.0,
RLGT,2016-12-31,False,Q2,2017,10-Q,198881000.0,4425000.0,2099000.0,0.04,0.04,0.0,270870000.0,124716000.0,105893000.0,8263000.0,123512000.0,12736000.0,-2232000.0,-6960000.0
MMM,2016-12-31,False,FY,2016,10-K,30109000000.0,7223000000.0,5050000000.0,8.35,8.16,4.44,32906000000.0,11726000000.0,6219000000.0,2398000000.0,10343000000.0,6662000000.0,-1403000000.0,-4626000000.0
ADNT,2016-12-31,False,Q1,2017,10-Q,4038000000.0,,149000000.0,1.59,1.59,0.0,11257000000.0,3990000000.0,3830000000.0,709000000.0,3391000000.0,-13000000.0,-203000000.0,833000000.0
ACM,2016-12-31,False,Q1,2017,10-Q,4358349000.0,143393000.0,47179000.0,0.31,0.3,0.0,13508996000.0,5985101000.0,5165328000.0,697717000.0,3559887000.0,77507000.0,-38860000.0,-26369000.0
WMS,2016-12-31,False,Q3,2017,10-Q,294716000.0,21176000.0,7712000.0,0.14,0.14,0.06,987166000.0,394786000.0,216676000.0,12097000.0,249635000.0,116631000.0,-41421000.0,-69070000.0
AROC,2016-09-30,False,Q3,2016,10-Q,195849000.0,,-9783000.0,-0.14,-0.14,0.095,2525419000.0,237831000.0,113403000.0,5363000.0,753535000.0,219902000.0,-83724000.0,-132378000.0
AROC,2016-06-30,False,Q2,2016,10-Q,204145000.0,,-4628000.0,-0.07,-0.07,0.095,2611942000.0,269446000.0,99684000.0,27833000.0,756092000.0,136920000.0,-69031000.0,-41619000.0
AROC,2016-03-31,False,Q1,2016,10-Q,213295000.0,,-2003000.0,-0.03,-0.03,0.1875,2670840000.0,265702000.0,123158000.0,4791000.0,750920000.0,71223000.0,-60202000.0,-7793000.0
AROC,2015-12-31,True,FY,2015,10-K,998108000.0,,-133063000.0,-1.94,-1.94,0.6,2706763000.0,285303000.0,135104000.0,1563000.0,787259000.0,427580000.0,-328879000.0,-97516000.0
AN,2016-12-31,False,FY,2016,10-K,21609000000.0,889500000.0,430500000.0,4.18,4.15,0.0,10060000000.0,4714800000.0,5829200000.0,64800000.0,2310300000.0,516000000.0,-489700000.0,-35600000.0
BHI,2016-12-31,False,FY,2016,10-K,9841000000.0,-1623000000.0,-2738000000.0,-6.31,-6.31,0.68,19034000000.0,9167000000.0,2304000000.0,4572000000.0,12737000000.0,4229000000.0,203000000.0,-2185000000.0
AVX,2016-12-31,False,Q3,2017,10-Q,340799000.0,50941000.0,35519000.0,0.21,0.21,0.11,2447439000.0,1813328000.0,213516000.0,480895000.0,2189737000.0,160280000.0,-79469000.0,-52082000.0
BZH,2016-12-31,False,Q1,2017,10-Q,339241000.0,1275000.0,-1429000.0,-0.04,-0.04,0.0,2188143000.0,,,158623000.0,643219000.0,-62834000.0,-4162000.0,-3252000.0
BA,2016-12-31,False,FY,2016,10-K,94571000000.0,5834000000.0,4895000000.0,7.7,7.61,4.69,89997000000.0,62488000000.0,50134000000.0,8801000000.0,877000000.0,10499000000.0,-3380000000.0,-9587000000.0
BWA,2016-12-31,False,FY,2016,10-K,9071000000.0,225900000.0,118500000.0,0.55,0.55,0.53,8834700000.0,2911600000.0,2091800000.0,443700000.0,3301900000.0,1035700000.0,-404200000.0,-733800000.0
BR,2016-12-31,False,Q2,2017,10-Q,892600000.0,58800000.0,30100000.0,0.25,0.25,0.33,2967300000.0,899400000.0,638200000.0,235700000.0,985800000.0,-5500000.0,-553400000.0,70200000.0
BRT,2016-12-31,False,Q1,2017,10-Q,25640000.0,-2737000.0,15770000.0,1.13,1.13,0.0,849074000.0,,,51231000.0,219621000.0,7808000.0,104518000.0,-88494000.0
CPN,2016-12-31,False,FY,2016,10-K,6716000000.0,37000000.0,92000000.0,0.26,0.26,0.0,19317000000.0,4432000000.0,3702000000.0,418000000.0,3339000000.0,1030000000.0,-1919000000.0,401000000.0
CIVI,2016-12-31,False,Q1,2017,10-Q,359394000.0,15471000.0,4179000.0,0.11,0.11,0.0,1067921000.0,238049000.0,150170000.0,53725000.0,154496000.0,15797000.0,-10571000.0,-2184000.0
CLF,2016-12-31,False,FY,2016,10-K,2109000000.0,240800000.0,174100000.0,0.88,0.87,0.0,1923900000.0,824600000.0,391100000.0,323400000.0,-1330500000.0,303000000.0,-57900000.0,-206400000.0
CNXC,2016-12-31,False,FY,2016,10-K,281117000.0,,21856000.0,0.84,0.83,0.0,504296000.0,48721000.0,64781000.0,9785000.0,,73098000.0,-34181000.0,-35666000.0
COH,2016-12-31,False,Q2,2017,10-Q,1321700000.0,277400000.0,199700000.0,0.71,0.71,0.3375,4678700000.0,2765700000.0,715200000.0,1309700000.0,2811100000.0,328100000.0,599800000.0,-467000000.0
CDE,2016-12-31,False,FY,2016,10-K,665777000.0,,55352000.0,0.35,0.34,0.0,1318909000.0,410787000.0,116634000.0,162182000.0,768487000.0,125817000.0,-83443000.0,-80228000.0
CXP,2016-12-31,False,FY,2016,10-K,473543000.0,99280000.0,83967000.0,0.68,0.68,1.2,4299793000.0,,,216085000.0,2502768000.0,193091000.0,525613000.0,-535264000.0
CNX,2016-12-31,False,FY,2016,10-K,2026375000.0,,-848102000.0,-3.7,-3.7,0.01,9183981000.0,626139000.0,940014000.0,60475000.0,3940888000.0,469285000.0,487371000.0,-968755000.0
TCS,2016-12-31,False,Q3,2016,10-Q,216380000.0,12561000.0,5092000.0,0.11,0.11,0.0,780114000.0,181978000.0,123155000.0,18491000.0,211367000.0,23875000.0,-21003000.0,7361000.0
COTY,2016-12-31,False,Q2,2017,10-Q,2296700000.0,-12700000.0,46800000.0,0.06,0.06,0.125,21891000000.0,3909300000.0,3137800000.0,939200000.0,9810200000.0,663400000.0,-342000000.0,299200000.0
CSRA,2016-12-30,False,Q3,2017,10-Q,1222000000.0,151000000.0,126000000.0,0.77,0.76,0.1,4886000000.0,1013000000.0,1022000000.0,162000000.0,330000000.0,438000000.0,-118000000.0,-288000000.0
CVS,2016-12-31,False,FY,2016,10-K,177526000000.0,10338000000.0,5317000000.0,4.93,4.9,1.7,94462000000.0,31042000000.0,26250000000.0,3371000000.0,36834000000.0,10069000000.0,-2470000000.0,-6689000000.0
CUB,2016-12-31,False,Q1,2017,10-Q,334677000.0,-4101000.0,-2868000.0,-0.11,-0.11,0.0,1455297000.0,730588000.0,488082000.0,166339000.0,666091000.0,7098000.0,-18365000.0,-6855000.0
DECK,2016-12-31,False,Q3,2017,10-Q,760345000.0,53250000.0,41027000.0,1.28,1.27,0.0,1369305000.0,968698000.0,326978000.0,296428000.0,970498000.0,166730000.0,-36710000.0,-70430000.0
DHX,2016-12-31,False,FY,2016,10-K,226970000.0,3391000.0,-5398000.0,-0.11,-0.11,0.0,310095000.0,70178000.0,108302000.0,22987000.0,103883000.0,44576000.0,-10770000.0,-44213000.0
DOW,2016-12-31,False,FY,2016,10-K,48158000000.0,,3978000000.0,3.57,3.52,1.84,79511000000.0,23659000000.0,12604000000.0,6607000000.0,27229000000.0,5478000000.0,-3479000000.0,-3892000000.0
DTE,2016-12-31,False,FY,2016,10-K,10630000000.0,1445000000.0,866000000.0,4.84,4.83,3.06,32041000000.0,2762000000.0,2437000000.0,92000000.0,9499000000.0,2084000000.0,-3388000000.0,1359000000.0
EMR,2016-12-31,False,Q1,2017,10-Q,3216000000.0,,309000000.0,0.48,0.48,0.48,17471000000.0,8877000000.0,4146000000.0,4151000000.0,7754000000.0,238000000.0,3758000000.0,-2920000000.0
EQM,2016-12-31,False,FY,2016,10-K,735614000.0,526949000.0,537954000.0,5.21,5.21,0.0,3075840000.0,172059000.0,86992000.0,60368000.0,,537904000.0,-732033000.0,-106459000.0
EQT,2016-12-31,False,FY,2016,10-K,1608348000.0,-278300000.0,-452983000.0,-2.71,-2.71,0.12,15472922000.0,1828219000.0,804640000.0,1103540000.0,9119247000.0,1064320000.0,-2961481000.0,1399469000.0
ESE,2016-12-31,False,Q1,2017,10-Q,146368000.0,,10727000.0,0.42,0.41,0.0,1069496000.0,332716000.0,149391000.0,51755000.0,620637000.0,15736000.0,-83422000.0,67809000.0
EQGP,2016-12-31,False,FY,2016,10-K,735614000.0,523984000.0,234179000.0,0.8,0.8,0.0,3076449000.0,172385000.0,88433000.0,60453000.0,1992722000.0,535357000.0,-732033000.0,-103828000.0
FTK,2016-12-31,False,FY,2016,10-K,262832000.0,-7304000.0,-49130000.0,-0.88,-0.88,0.0,386588000.0,188670000.0,91054000.0,4823000.0,287701000.0,2054000.0,-22281000.0,22851000.0
F,2016-12-31,False,FY,2016,10-K,10253000000.0,,4596000000.0,1.16,1.15,0.85,237951000000.0,108461000000.0,90281000000.0,15905000000.0,29187000000.0,19792000000.0,-25352000000.0,7458000000.0
GPK,2016-12-31,False,FY,2016,10-K,4298100000.0,396000000.0,228000000.0,0.71,0.71,0.0,4603400000.0,1114900000.0,779800000.0,59100000.0,1056500000.0,641400000.0,-632500000.0,-3100000.0
GWB,2016-12-31,False,Q1,2017,10-Q,122313000.0,,36903000.0,0.63,0.63,0.17,11422617000.0,,,113789000.0,1678638000.0,-7370000.0,-174807000.0,-72266000.0
GHM,2016-03-31,True,FY,2016,10-K,90039000.0,,6131000.0,0.61,0.61,0.33,143131000.0,102730000.0,27923000.0,24072000.0,109380000.0,18751000.0,-9150000.0,-12693000.0
HXL,2016-12-31,False,FY,2016,10-K,2004300000.0,360100000.0,249800000.0,2.69,2.65,0.0,2400600000.0,607000000.0,271900000.0,35200000.0,1244900000.0,401400000.0,-366500000.0,-46800000.0
IO,2016-12-31,False,FY,2016,10-K,172808000.0,-43171000.0,-65148000.0,-5.71,-5.71,0.0,313216000.0,111637000.0,95082000.0,52652000.0,53398000.0,1571000.0,-13644000.0,-21594000.0
JEC,2016-12-30,False,Q1,2017,10-Q,2551604000.0,88628000.0,60536000.0,0.5,0.5,0.0,7110033000.0,2923398000.0,1749666000.0,736546000.0,4135693000.0,105374000.0,-23086000.0,20381000.0
JCI,2016-12-31,False,Q1,2017,10-Q,7086000000.0,,329000000.0,0.35,0.35,0.25,48788000000.0,10966000000.0,11459000000.0,377000000.0,20396000000.0,-1900000000.0,-331000000.0,1979000000.0
KMT,2016-12-31,False,Q2,2017,10-Q,487573000.0,24013000.0,7262000.0,0.09,0.09,0.2,2254781000.0,971745000.0,390151000.0,102001000.0,934681000.0,46578000.0,-66964000.0,-34681000.0
KMB,2016-12-31,False,FY,2016,10-K,18202000000.0,3317000000.0,2166000000.0,6.03,5.99,3.68,14602000000.0,5115000000.0,5846000000.0,923000000.0,117000000.0,3232000000.0,-732000000.0,-2185000000.0
LDR,2016-12-31,False,Q1,2017,10-Q,37572000.0,7442000.0,4378000.0,0.46,0.46,0.275,187752000.0,57143000.0,33079000.0,12442000.0,20404000.0,6490000.0,-2415000.0,-4550000.0
EGHT,2016-12-31,False,Q3,2017,10-Q,63676000.0,-1703000.0,-1325000.0,-0.01,-0.01,0.0,323848000.0,192483000.0,38491000.0,33457000.0,282275000.0,22220000.0,-20649000.0,-894000.0
ABAX,2016-12-31,False,Q3,2017,10-Q,52772000.0,10840000.0,6844000.0,0.3,0.3,0.14,293991000.0,223553000.0,28898000.0,85653000.0,259161000.0,22269000.0,-13816000.0,-10401000.0
LMT,2016-12-31,False,FY,2016,10-K,47248000000.0,5549000000.0,5302000000.0,17.71,17.49,6.77,47806000000.0,15108000000.0,12542000000.0,1837000000.0,1606000000.0,5189000000.0,-985000000.0,-3457000000.0
AGYS,2016-12-31,False,Q3,2017,10-Q,33448000.0,-1629000.0,-1737000.0,-0.08,-0.08,0.0,171705000.0,78698000.0,46607000.0,52713000.0,117706000.0,5393000.0,-12502000.0,-687000.0
MAS,2016-12-31,False,FY,2016,10-K,7357000000.0,1053000000.0,485000000.0,1.49,1.47,0.39,5137000000.0,2934000000.0,1460000000.0,990000000.0,-103000000.0,726000000.0,-124000000.0,-1046000000.0
MMS,2016-12-31,False,Q1,2017,10-Q,607564000.0,73776000.0,46664000.0,0.71,0.71,0.045,1296337000.0,587455000.0,289112000.0,69767000.0,762372000.0,71140000.0,-7340000.0,-57154000.0
MXL,2016-12-31,False,FY,2016,10-K,387832000.0,63059000.0,61292000.0,0.96,0.91,0.0,422652000.0,214043000.0,54543000.0,82896000.0,352424000.0,117317000.0,-101313000.0,-670000.0
AOSL,2016-12-31,False,Q2,2017,10-Q,94687000.0,2836000.0,2847000.0,0.12,0.11,0.0,362028000.0,223600000.0,67456000.0,122793000.0,288121000.0,18069000.0,-23464000.0,40973000.0
AMZN,2016-12-31,False,FY,2016,10-K,135987000000.0,4186000000.0,2371000000.0,5.01,4.9,0.0,83402000000.0,45781000000.0,43816000000.0,19334000000.0,19285000000.0,16443000000.0,-9876000000.0,-2911000000.0
AMRK,2016-12-31,False,Q2,2017,10-Q,2126361000.0,,2750000.0,0.39,0.39,0.0,536984000.0,509355000.0,460884000.0,13270000.0,71050000.0,-16413000.0,-21755000.0,34296000.0
UHAL,2016-12-31,False,Q3,2017,10-Q,790676000.0,132202000.0,65228000.0,3.33,3.33,1.0,9287317000.0,,,984185000.0,2660704000.0,930545000.0,-743827000.0,212938000.0
MCY,2016-12-31,False,FY,2016,10-K,3227683000.0,,73044000.0,1.32,1.32,2.4825,4788718000.0,,,220318000.0,1752402000.0,287473000.0,-226720000.0,-104656000.0
ASYS,2016-12-31,False,Q1,2017,10-Q,29135000.0,-180000.0,-53000.0,0.0,0.0,0.0,115918000.0,81785000.0,36376000.0,23638000.0,64387000.0,-3537000.0,-85000.0,-138000.0
APDN,2016-12-31,False,Q1,2017,10-Q,903008.0,-3953346.0,-3961384.0,-0.16,-0.16,0.0,16769627.0,13314313.0,3992728.0,6701586.0,12181899.0,-2068888.0,-42647.0,4333847.0
AGTC,2016-12-31,False,Q2,2017,10-Q,10933000.0,2152000.0,2081000.0,0.12,0.11,0.0,165952000.0,119977000.0,42918000.0,42499000.0,117931000.0,-12788000.0,26395000.0,24000.0
MODN,2016-12-31,False,Q1,2017,10-Q,28063000.0,-7653000.0,-7600000.0,-0.27,-0.27,0.0,101101000.0,77379000.0,39111000.0,52446000.0,60401000.0,-8229000.0,-5469000.0,17000.0
MNR,2016-12-31,False,Q1,2017,10-Q,27181611.0,,6156161.0,0.09,0.09,0.0,1209680225.0,,,30722606.0,611137509.0,14152706.0,-55150303.0,-24029305.0
MWA,2016-12-31,False,Q1,2017,10-Q,167200000.0,13900000.0,6700000.0,0.04,0.04,0.03,1228400000.0,666700000.0,135700000.0,172300000.0,423300000.0,-19900000.0,-4200000.0,-8100000.0
ARCW,2017-01-01,False,Q2,2017,10-Q,28200000.0,3000.0,-710000.0,-0.01,-0.01,0.0,113029000.0,38756000.0,17123000.0,1215000.0,46926000.0,-496000.0,7637000.0,-9262000.0
ARRY,2016-12-31,False,Q2,2017,10-Q,44523000.0,-19806000.0,-23301000.0,-0.14,-0.14,0.0,272202000.0,263889000.0,64385000.0,62785000.0,52052000.0,-42210000.0,-99755000.0,148152000.0
ASFI,2016-12-31,False,Q1,2017,10-Q,10453000.0,,-657000.0,-0.06,-0.06,0.0,258905000.0,,,16041000.0,179710000.0,-6212000.0,-224000.0,3951000.0
NEWR,2016-12-31,False,Q3,2017,10-Q,68096000.0,-13944000.0,-13883000.0,-0.27,-0.27,0.0,316183000.0,242042000.0,119657000.0,80170000.0,186316000.0,9337000.0,-9848000.0,14767000.0
NJR,2016-12-31,False,Q1,2017,10-Q,541028000.0,41475000.0,34929000.0,0.41,0.4,0.255,3949506000.0,815063000.0,822932000.0,46875000.0,1185361000.0,-46064000.0,-86541000.0,141934000.0
BFIN,2016-12-31,False,FY,2016,10-K,57473000.0,,7502000.0,0.4,0.39,0.21,1620037000.0,,,13053000.0,204780000.0,18941000.0,-77021000.0,95387000.0
TECH,2016-12-31,False,Q2,2017,10-Q,131807000.0,16146000.0,6313000.0,0.17,0.17,0.32,1520025000.0,294106000.0,120326000.0,58936000.0,890573000.0,67682000.0,-301257000.0,230449000.0
BLBD,2016-12-31,False,Q1,2017,10-Q,136660000.0,6000.0,-9476000.0,-0.42,-0.42,0.0,257826000.0,110143000.0,110378000.0,12999000.0,-93118000.0,-32206000.0,-2956000.0,-4148000.0
EPAY,2016-12-31,False,Q2,2017,10-Q,86728000.0,-10642000.0,-10346000.0,-0.27,-0.27,0.0,601479000.0,190071000.0,269504000.0,99612000.0,268259000.0,17514000.0,4000000.0,-15632000.0
OMC,2016-12-31,False,FY,2016,10-K,15416900000.0,2008900000.0,1148600000.0,4.8,4.78,2.15,23165400000.0,12722000000.0,14010900000.0,3002200000.0,2659600000.0,1931200000.0,-481600000.0,-977100000.0
OI,2016-12-31,False,FY,2016,10-K,6702000000.0,,209000000.0,1.29,1.28,0.0,9135000000.0,2254000000.0,2060000000.0,492000000.0,363000000.0,751000000.0,-417000000.0,-228000000.0
OC,2016-12-31,False,FY,2016,10-K,5677000000.0,699000000.0,393000000.0,3.44,3.41,0.74,7741000000.0,1586000000.0,963000000.0,112000000.0,3889000000.0,943000000.0,-815000000.0,-88000000.0
CPST,2016-12-31,False,Q3,2017,10-Q,20185000.0,-10129000.0,-8909000.0,-0.26,-0.28,0.0,56402000.0,50654000.0,34051000.0,14361000.0,22153000.0,-15614000.0,-431000.0,18702000.0
CELG,2016-12-31,False,FY,2016,10-K,307100000.0,3166600000.0,1999200000.0,2.57,2.49,0.0,28085600000.0,10867500000.0,2959200000.0,6169900000.0,419100000.0,3976300000.0,-1002200000.0,-1645600000.0
CETV,2016-12-31,False,FY,2016,10-K,638013000.0,111589000.0,-193992000.0,-1.28,-1.28,0.0,1390717000.0,340420000.0,171564000.0,43459000.0,-106532000.0,33917000.0,-29356000.0,-22743000.0
CHFN,2016-12-31,False,Q1,2017,10-Q,18848448.0,,5045667.0,0.36,0.33,0.055,1461666975.0,,,15234277.0,205500223.0,4073970.0,13192648.0,22732451.0
PFG,2016-12-31,False,FY,2016,10-K,12394100000.0,,1316500000.0,4.55,4.5,1.61,228014300000.0,,,2719600000.0,10293800000.0,3857800000.0,-5153900000.0,1450900000.0
RL,2016-12-31,False,Q3,2017,10-Q,1714000000.0,128000000.0,82000000.0,0.98,0.98,0.5,5966000000.0,3034000000.0,1151000000.0,928000000.0,3610000000.0,850000000.0,17000000.0,-369000000.0
RJF,2016-12-31,False,Q1,2017,10-Q,1528768000.0,,146567000.0,1.03,1.0,0.22,31669390000.0,,,2528275000.0,5204601000.0,807775000.0,-1105149000.0,1201335000.0
COHR,2016-12-31,False,Q1,2017,10-Q,346073000.0,,30408000.0,1.25,1.23,0.0,2089571000.0,1122164000.0,313094000.0,360217000.0,926981000.0,82641000.0,-730793000.0,681301000.0
RAI,2016-12-31,False,FY,2016,10-K,12503000000.0,10569000000.0,6073000000.0,4.26,4.25,1.76,51095000000.0,4238000000.0,4985000000.0,2051000000.0,21711000000.0,1280000000.0,5078000000.0,-6866000000.0
COL,2016-12-31,False,Q1,2017,10-Q,1193000000.0,251000000.0,145000000.0,1.11,1.1,0.33,7709000000.0,3489000000.0,2341000000.0,308000000.0,2208000000.0,-101000000.0,-63000000.0,146000000.0
CCUR,2016-12-31,False,Q2,2017,10-Q,15547000.0,-48000.0,-88000.0,-0.01,-0.01,0.12,34785000.0,29921000.0,12513000.0,18804000.0,16005000.0,1564000.0,-537000.0,-2281000.0
SPGI,2016-12-31,False,FY,2016,10-K,5661000000.0,3369000000.0,2106000000.0,8.02,7.94,1.44,8669000000.0,3671000000.0,2611000000.0,2392000000.0,701000000.0,1464000000.0,1205000000.0,-1600000000.0
COVS,2016-12-31,False,Q3,2017,10-Q,16646000.0,-4373000.0,-4400000.0,-0.11,-0.11,0.0,83878000.0,41614000.0,22374000.0,30438000.0,58389000.0,-6366000.0,-2364000.0,-375000.0
SMG,2016-12-31,False,Q1,2017,10-Q,246800000.0,-70900000.0,-65300000.0,-1.09,-1.09,0.5,3060400000.0,1205100000.0,442900000.0,88700000.0,592200000.0,-209800000.0,-94000000.0,345200000.0
SNA,2016-12-31,False,FY,2016,10-K,3430400000.0,854200000.0,546400000.0,9.4,9.2,2.54,4723200000.0,1884000000.0,989500000.0,77600000.0,2635200000.0,576100000.0,-473400000.0,-116000000.0
DJCO,2016-12-31,False,Q1,2017,10-Q,9990000.0,-2853000.0,-1471000.0,-1.07,-1.07,0.0,248761000.0,208047000.0,74692000.0,4873000.0,138891000.0,-1311000.0,-5200000.0,-27000.0
SPXF,2016-12-31,False,FY,2016,10-K,1996000000.0,-385100000.0,-381800000.0,-9.23,-9.23,0.0,2603200000.0,1007200000.0,592400000.0,215100000.0,742100000.0,-27900000.0,-40000000.0,21100000.0
STE,2016-12-31,False,Q3,2017,10-Q,646774000.0,25884000.0,-4996000.0,-0.06,-0.06,0.28,4886946000.0,970341000.0,350053000.0,264857000.0,2770110000.0,289405000.0,-42863000.0,-208587000.0
APPS,2016-12-31,False,Q3,2017,10-Q,22285000.0,-5410000.0,-2586000.0,-0.04,-0.04,0.0,112216000.0,25977000.0,31457000.0,5705000.0,68506000.0,-7788000.0,-382000.0,2692000.0
DLHC,2016-12-31,False,Q1,2017,10-Q,26111000.0,889000.0,324000.0,0.03,0.03,0.0,64946000.0,10388000.0,14591000.0,2471000.0,32587000.0,297000.0,-291000.0,-962000.0
SYK,2016-12-31,False,FY,2016,10-K,11325000000.0,2166000000.0,1647000000.0,4.4,4.35,1.565,20435000000.0,7861000000.0,3148000000.0,3316000000.0,9550000000.0,1812000000.0,-4191000000.0,2361000000.0
EGAN,2016-12-31,False,Q2,2017,10-Q,14999000.0,-298000.0,-1049000.0,-0.04,-0.04,0.0,40451000.0,20111000.0,22552000.0,9727000.0,-7163000.0,-1326000.0,-223000.0,-451000.0
ESIO,2016-12-31,False,Q3,2017,10-Q,33779000.0,-10052000.0,-9693000.0,-0.29,-0.29,0.0,208036000.0,147552000.0,41182000.0,44891000.0,159503000.0,301000.0,2817000.0,242000.0
ELECU,2016-11-30,False,FY,2016,10-K,0.0,-693076.0,60163.0,0.01,0.01,0.0,201121196.0,306028.0,119328.0,252937.0,5000001.0,171453.0,-753239.0,-29838.0
ELECU,2016-11-30,False,FY,2016,10-K,0.0,-693076.0,60163.0,0.01,0.01,0.0,201121196.0,306028.0,119328.0,252937.0,5000001.0,171453.0,-753239.0,-29838.0
ENTA,2016-12-31,False,Q1,2017,10-Q,10417000.0,-7046000.0,-4980000.0,-0.26,-0.26,0.0,278379000.0,224065000.0,6431000.0,20618000.0,268168000.0,3145000.0,865000.0,31000.0
ESSA,2016-12-31,False,Q1,2017,10-Q,16507000.0,,1937000.0,0.18,0.18,0.09,1778610000.0,,,32683000.0,171439000.0,5394000.0,-19502000.0,10301000.0
TRNO,2016-12-31,False,FY,2016,10-K,108418000.0,,11553000.0,0.33,0.33,0.0,1278981000.0,,,14208000.0,811805000.0,49241000.0,-151241000.0,93758000.0
THR,2016-12-31,False,Q3,2017,10-Q,64340000.0,7299000.0,5358000.0,0.17,0.16,0.0,445872000.0,190884000.0,47290000.0,42022000.0,304278000.0,12455000.0,-41275000.0,-10723000.0
TDW,2016-12-31,False,Q3,2017,10-Q,129215000.0,-287034000.0,-297676000.0,-6.32,-6.32,0.0,4315199000.0,1164504000.0,2340910000.0,649804000.0,1747564000.0,-40329000.0,20754000.0,-9059000.0
EXPE,2016-12-31,False,FY,2016,10-K,8773564000.0,461702000.0,281848000.0,1.87,1.82,1.0,15777546000.0,3450251000.0,6127198000.0,1796811000.0,5693103000.0,1564334000.0,-718321000.0,-690619000.0
FARM,2016-12-31,False,Q2,2017,10-Q,139025000.0,35910000.0,20052000.0,1.21,1.2,0.0,402686000.0,146200000.0,98536000.0,8443000.0,205584000.0,11314000.0,-56498000.0,32532000.0
TDG,2016-12-31,False,Q1,2017,10-Q,814018000.0,317009000.0,118871000.0,0.41,0.41,24.0,10037122000.0,2235418000.0,698918000.0,972360000.0,-1874625000.0,225791000.0,-51809000.0,-784717000.0
UNH,2016-12-31,False,FY,2016,10-K,184840000000.0,12930000000.0,7017000000.0,7.37,7.25,2.375,122810000000.0,33879000000.0,49252000000.0,10430000000.0,38177000000.0,9795000000.0,-9355000000.0,-1011000000.0
UTX,2016-12-31,False,FY,2016,10-K,57244000000.0,8172000000.0,5055000000.0,6.18,6.12,2.62,89706000000.0,28550000000.0,21906000000.0,7157000000.0,29169000000.0,6412000000.0,-2509000000.0,-1188000000.0
FNWB,2016-12-31,False,Q2,2017,10-Q,10249000.0,,1188000.0,0.11,0.11,0.0,1043815000.0,,,14433000.0,176892000.0,-4338000.0,-39392000.0,43729000.0
USG,2016-12-31,False,FY,2016,10-K,3017000000.0,394000000.0,510000000.0,3.49,3.46,0.0,3869000000.0,949000000.0,422000000.0,427000000.0,1886000000.0,373000000.0,746000000.0,-1129000000.0
VNTV,2016-12-31,False,FY,2016,10-K,3578991000.0,568514000.0,213208000.0,1.37,1.32,0.0,7044007000.0,1287858000.0,1689012000.0,139148000.0,1607289000.0,668590000.0,-570121000.0,-156417000.0
VSTO,2017-01-01,False,Q3,2017,10-Q,653558000.0,-384656000.0,-377659000.0,-6.48,-6.44,0.0,3044165000.0,1196638000.0,577444000.0,40841000.0,1257684000.0,57891000.0,-507359000.0,339919000.0
FLXS,2016-12-31,False,Q2,2017,10-Q,118530000.0,8416000.0,5389000.0,0.69,0.68,0.2,262898000.0,188573000.0,40524000.0,40817000.0,218462000.0,12119000.0,-5961000.0,-2121000.0
FONR,2016-12-31,False,Q2,2017,10-Q,18403000.0,,4242000.0,0.69,0.81,0.0,88286000.0,48446000.0,17272000.0,7692000.0,-112812000.0,6657000.0,-1603000.0,-5890000.0
WAIR,2016-12-31,False,Q1,2017,10-Q,339371000.0,26256000.0,13107000.0,0.13,0.13,0.0,1958045000.0,1070121000.0,254080000.0,51192000.0,889732000.0,1200000.0,-1316000.0,5141000.0
GEOS,2016-12-31,False,Q1,2017,10-Q,15285000.0,-11311000.0,-11705000.0,-0.89,-0.89,0.0,244109000.0,169940000.0,10271000.0,12794000.0,233805000.0,-1900000.0,4483000.0,50000.0
WGL,2016-12-31,False,Q1,2017,10-Q,2145260000.0,104713000.0,55767000.0,1.13,1.13,0.4875,6475390000.0,1095210000.0,1422040000.0,12884000.0,1439465000.0,-94095000.0,-217063000.0,318469000.0
WWE,2016-12-31,False,FY,2016,10-K,729216000.0,55641000.0,33841000.0,0.44,0.44,0.48,600903000.0,349306000.0,133134000.0,211976000.0,239743000.0,56621000.0,-24089000.0,141425000.0
ZAYO,2016-12-31,False,Q2,2017,10-Q,506700000.0,90700000.0,19800000.0,0.08,0.08,0.0,6867700000.0,362200000.0,457600000.0,144000000.0,1287500000.0,402500000.0,-421700000.0,-2700000.0
HWKN,2017-01-01,False,Q3,2017,10-Q,112351000.0,5996000.0,3551000.0,0.34,0.34,0.0,414741000.0,116997000.0,41898000.0,8381000.0,217343000.0,30993000.0,-17746000.0,-24880000.0
HTBI,2016-12-31,False,Q2,2017,10-Q,25830000.0,,2983000.0,0.17,0.17,0.0,2774240000.0,,,45149000.0,367776000.0,2839000.0,-62744000.0,52458000.0
IROQ,2016-12-31,False,Q2,2017,10-Q,6356000.0,,1170000.0,0.32,0.32,0.0,580351000.0,,,4972000.0,82484000.0,2947000.0,10817000.0,-14673000.0
IESC,2016-12-31,False,Q1,2017,10-Q,192178000.0,6995000.0,3872000.0,0.18,0.18,0.0,391992000.0,209477000.0,125817000.0,25735000.0,228211000.0,-5635000.0,-1788000.0,197000.0
IMMU,2016-12-31,True,Q2,2017,10-Q,384170.0,-15359649.0,-24447384.0,-0.23,-0.23,0.0,53124449.0,48816554.0,28860972.0,5011316.0,-75182236.0,-31508405.0,-5141173.0,28489556.0
INTL,2016-12-31,False,Q1,2017,10-Q,6074400000.0,,6300000.0,0.34,0.34,0.0,6290700000.0,,,278800000.0,442600000.0,-116600000.0,-9000000.0,86800000.0
ITI,2016-12-31,False,Q3,2017,10-Q,22691000.0,-1474000.0,-1380000.0,-0.05,-0.05,0.0,61809000.0,41124000.0,17325000.0,17881000.0,42905000.0,2374000.0,-705000.0,183000.0
JKHY,2016-12-31,False,Q2,2017,10-Q,348553000.0,88606000.0,58814000.0,0.76,0.75,0.28,1718095000.0,323737000.0,328588000.0,64188000.0,971412000.0,163867000.0,-69703000.0,-100286000.0
KTCC,2016-12-31,False,Q2,2017,10-Q,118517000.0,2547000.0,1528000.0,0.14,0.14,0.0,234502000.0,176722000.0,79006000.0,1280000.0,106875000.0,3130000.0,-4835000.0,1967000.0
LFVN,2016-12-31,False,Q2,2017,10-Q,48947000.0,700000.0,283000.0,0.02,0.02,0.0,46515000.0,36721000.0,23539000.0,11731000.0,14511000.0,5100000.0,-237000.0,-993000.0
LQDT,2016-12-31,False,Q1,2017,10-Q,70796000.0,-8260000.0,-8397000.0,-0.27,-0.27,0.0,252707000.0,177138000.0,85813000.0,126914000.0,155775000.0,-5021000.0,-2328000.0,32000.0
LIVE,2016-12-31,False,Q1,2017,10-Q,32188664.0,3679068.0,1428094.0,0.71,0.37,0.0,120337967.0,46316408.0,22041048.0,1586753.0,29009849.0,4994685.0,-62180053.0,58001226.0
LRAD,2016-12-31,False,Q1,2017,10-Q,2941334.0,-1329336.0,-812680.0,-0.03,-0.03,0.0,36960173.0,25160603.0,2604374.0,14964023.0,34216644.0,1428286.0,69026.0,
MPET,2016-12-31,False,Q2,2017,10-Q,143000.0,-666000.0,-527000.0,-0.09,-0.09,0.0,5016000.0,4067000.0,3047000.0,507000.0,1969000.0,-2800000.0,2138000.0,-146000.0
MLVF,2016-12-31,False,Q1,2017,10-Q,7558000.0,,1170000.0,0.18,0.18,0.0,879002000.0,,,1598000.0,95735000.0,1216000.0,-92149000.0,57452000.0
MTRX,2016-12-31,False,Q2,2017,10-Q,314024000.0,8237000.0,5250000.0,0.2,0.2,0.0,635790000.0,408236000.0,230283000.0,66230000.0,329829000.0,-30908000.0,-43810000.0,70365000.0
MCFT,2017-01-01,False,Q2,2017,10-Q,51134000.0,7039000.0,4031000.0,0.22,0.22,0.0,84516000.0,22798000.0,37249000.0,6366000.0,2817000.0,12921000.0,-1060000.0,-5568000.0
MEIP,2016-12-31,False,Q2,2017,10-Q,17199000.0,11816000.0,11885000.0,0.32,0.32,0.0,58210000.0,57822000.0,3320000.0,15050000.0,54890000.0,5026000.0,-5025000.0,4212000.0
MRCY,2016-12-31,False,Q2,2017,10-Q,98014000.0,8958000.0,5204000.0,0.13,0.13,0.0,755277000.0,224847000.0,68520000.0,46185000.0,484716000.0,24521000.0,-52628000.0,-7327000.0
VIVO,2016-12-31,False,Q1,2017,10-Q,46809000.0,10085000.0,6279000.0,0.15,0.15,0.2,250055000.0,126048000.0,21044000.0,49276000.0,165732000.0,12993000.0,-1392000.0,-8889000.0
CASH,2016-12-31,False,Q1,2017,10-Q,41924000.0,,1244000.0,0.14,0.14,0.39,4213329000.0,,,695731000.0,371786000.0,-5510000.0,-216492000.0,143903000.0
MCHP,2016-12-31,False,Q3,2017,10-Q,834366000.0,118074000.0,107175000.0,0.5,0.46,0.3605,7144581000.0,1676750000.0,651553000.0,663938000.0,2566898000.0,736892000.0,-2350496000.0,185798000.0
MSON,2016-06-30,False,FY,2016,10-K,23113194.0,-5829388.0,-1172146.0,-0.15,-0.15,0.0,27732371.0,19272253.0,3290134.0,9049327.0,24401290.0,-316240.0,-604560.0,189447.0
MPAA,2016-12-31,False,Q3,2017,10-Q,112595000.0,20145000.0,11110000.0,0.59,0.57,0.0,443029000.0,147213000.0,143270000.0,3941000.0,239936000.0,-20810000.0,-4821000.0,7910000.0
LABL,2016-12-31,False,Q3,2017,10-Q,210658000.0,20416000.0,12126000.0,0.72,0.71,0.05,1036353000.0,235117000.0,115170000.0,25268000.0,353032000.0,71362000.0,-44140000.0,-26931000.0
MYGN,2016-12-31,False,Q2,2017,10-Q,196500000.0,13200000.0,5900000.0,0.09,0.09,0.0,1276100000.0,341600000.0,82800000.0,108100000.0,732700000.0,28500000.0,-160100000.0,171800000.0
UEPS,2016-12-31,False,Q2,2017,10-Q,151433000.0,25589000.0,18641000.0,0.35,0.35,0.0,1042278000.0,696027000.0,397785000.0,198891000.0,616301000.0,15690000.0,241290000.0,-261193000.0
NURO,2016-12-31,False,FY,2016,10-K,12027528.0,-15207945.0,-34759528.0,-7.28,-7.28,0.0,8283891.0,7586923.0,3318486.0,3949135.0,4960764.0,-15080276.0,-100499.0,6667038.0
NWS,2016-12-31,False,Q2,2017,10-Q,2116000000.0,,-289000000.0,-0.5,-0.5,0.0,14527000000.0,3591000000.0,2325000000.0,1564000000.0,11228000000.0,4000000.0,-118000000.0,-121000000.0
NEXEO,2016-12-31,False,Q1,2017,10-Q,794800000.0,-1500000.0,-8300000.0,-0.11,-0.11,0.0,2030400000.0,812900000.0,367600000.0,33300000.0,725200000.0,-9800000.0,-8900000.0,5300000.0
NVET,2016-12-31,False,Q2,2017,10-Q,23000.0,-5160000.0,-5412000.0,-0.46,-0.46,0.0,29010000.0,23185000.0,2825000.0,20482000.0,26090000.0,-10970000.0,-818000.0,23000.0
NICK,2016-12-31,False,Q3,2017,10-Q,4003000.0,,1584000.0,0.21,0.21,0.0,337841000.0,,,3664000.0,109794000.0,23860000.0,-25574000.0,3529000.0
NBN,2016-12-31,False,Q2,2017,10-Q,17022000.0,,3100000.0,0.35,0.35,0.01,1012659000.0,,,2586000.0,114942000.0,3612000.0,-64465000.0,21892000.0
NUAN,2016-12-31,False,Q1,2017,10-Q,487658000.0,24032000.0,-23929000.0,-0.08,-0.08,0.0,6195130000.0,1573570000.0,1698320000.0,961607000.0,1925704000.0,124900000.0,-97040000.0,454598000.0
NUVA,2016-12-31,False,FY,2016,10-K,962072000.0,,37147000.0,0.74,0.69,0.0,1570804000.0,575443000.0,242497000.0,153643000.0,700524000.0,156295000.0,-304885000.0,110823000.0
OESX,2016-12-31,False,Q3,2017,10-Q,20617000.0,-1028000.0,-1086000.0,-0.04,-0.04,0.0,69038000.0,50438000.0,19159000.0,19118000.0,42375000.0,266000.0,1972000.0,1338000.0
PRXL,2016-12-31,False,Q2,2017,10-Q,612200000.0,60000000.0,21800000.0,0.42,0.41,0.0,2246400000.0,1274100000.0,801300000.0,252400000.0,535100000.0,111500000.0,-181500000.0,89200000.0
PYPL,2016-12-31,False,FY,2016,10-K,10842000000.0,1586000000.0,1401000000.0,1.16,1.15,0.0,33103000000.0,25733000000.0,16878000000.0,1590000000.0,14712000000.0,3158000000.0,-4999000000.0,2038000000.0
PPC,2016-12-25,False,FY,2016,10-K,7931123000.0,713510000.0,440532000.0,1.74,1.73,0.0,3008218000.0,1322368000.0,868301000.0,120328000.0,896747000.0,755483000.0,-261662000.0,-813131000.0
PSTI,2016-12-31,False,Q2,2017,10-Q,,-6648000.0,-6610000.0,-0.08,-0.08,0.0,32299000.0,22953000.0,5377000.0,7334000.0,25114000.0,-9699000.0,10806000.0,4000.0
POWI,2016-12-31,False,FY,2016,10-K,387393000.0,47844000.0,47890000.0,1.66,1.62,0.0,555338000.0,318502000.0,59853000.0,62134000.0,488105000.0,97901000.0,-117429000.0,-8430000.0
POWL,2016-12-31,False,Q1,2017,10-Q,110341000.0,-2256000.0,-300000.0,-0.03,-0.03,0.26,436992000.0,281721000.0,98575000.0,80582000.0,330051000.0,3374000.0,-15802000.0,-3764000.0
PDEX,2016-12-31,False,Q2,2017,10-Q,4599000.0,269000.0,3194000.0,0.79,0.78,0.0,15034000.0,10225000.0,2719000.0,2180000.0,12201000.0,760000.0,-693000.0,-181000.0
PSDV,2016-12-31,False,Q2,2017,10-Q,5971000.0,-94000.0,-67000.0,0.0,0.0,0.0,19746000.0,18535000.0,4927000.0,11685000.0,14762000.0,-11495000.0,7868000.0,9000.0
PMTC,2016-12-31,False,Q1,2017,10-Q,286327000.0,4561000.0,-9141000.0,-0.08,-0.08,0.0,2196941000.0,513188000.0,556730000.0,173367000.0,818965000.0,-47978000.0,-5598000.0,-41232000.0
QNST,2016-12-31,False,Q2,2017,10-Q,65610000.0,-7726000.0,-7850000.0,-0.17,-0.17,0.0,165972000.0,85437000.0,44977000.0,37496000.0,116614000.0,2090000.0,-1740000.0,-16579000.0
RICK,2016-12-31,False,Q1,2017,10-Q,33739000.0,6333000.0,2898000.0,0.3,0.3,0.03,277450000.0,28992000.0,24192000.0,12064000.0,131602000.0,5521000.0,-2988000.0,-1796000.0
RAVE,2016-12-25,False,Q2,2017,10-Q,14792000.0,,-7925000.0,-0.74,-0.74,0.0,11029000.0,4632000.0,6847000.0,1098000.0,878000.0,-1640000.0,-172000.0,1806000.0
RAVN,2016-07-31,False,Q2,2017,10-Q,67598000.0,6696000.0,4495000.0,0.12,0.12,0.13,297357000.0,129228000.0,25074000.0,40123000.0,258456000.0,25558000.0,-1640000.0,-17668000.0
ROLL,2016-12-31,False,Q3,2017,10-Q,146656000.0,20529000.0,12770000.0,0.54,0.54,0.0,1097709000.0,437232000.0,91191000.0,39472000.0,685528000.0,74575000.0,-14959000.0,-57666000.0
REGN,2016-12-31,False,FY,2016,10-K,4860427000.0,1330741000.0,895522000.0,8.55,7.7,0.0,6973466000.0,3180188000.0,1241495000.0,535203000.0,4449245000.0,1473396000.0,-1046904000.0,-700391000.0
RGCO,2016-12-31,False,Q1,2017,10-Q,18788585.0,3982275.0,2232218.0,0.47,0.46,0.2175,175961743.0,21453170.0,28756950.0,176075.0,57280691.0,-2112988.0,-4922829.0,6568640.0
RVSB,2016-12-31,False,Q3,2017,10-Q,11285000.0,,1993000.0,0.09,0.09,0.0,985669000.0,,,28262000.0,109400000.0,12292000.0,-98344000.0,58914000.0
SANW,2016-12-31,False,Q2,2017,10-Q,24225744.0,1037390.0,1158958.0,0.07,0.01,0.0,141342536.0,71345226.0,65887744.0,2108295.0,69726557.0,-5985615.0,-1382784.0,2664379.0
SOFO,2016-12-31,False,Q1,2017,10-Q,9307000.0,-1502000.0,-1509000.0,-0.34,-0.34,0.0,29408000.0,13823000.0,18018000.0,1080000.0,4388000.0,-828000.0,-548000.0,767000.0
SMBC,2016-12-31,False,Q2,2017,10-Q,17783000.0,,4176000.0,0.56,0.56,0.1,1492349000.0,,,30367000.0,130353000.0,9714000.0,-84579000.0,82678000.0
STRT,2017-01-01,False,Q2,2017,10-Q,98945000.0,2166000.0,398000.0,0.11,0.11,0.14,240602000.0,121635000.0,61151000.0,8190000.0,155595000.0,10001000.0,-17754000.0,330000.0
SYUT,2016-12-31,False,Q3,2017,10-Q,109053000.0,6889000.0,4945000.0,0.09,0.09,0.0,815934000.0,306273000.0,392145000.0,51401000.0,134572000.0,-29202000.0,-54741000.0,36099000.0
TTWO,2016-12-31,False,Q3,2017,10-Q,476473000.0,-28409000.0,-29842000.0,-0.33,-0.33,0.0,3089099000.0,2451176000.0,1863817000.0,1039430000.0,820921000.0,239602000.0,48187000.0,-35235000.0
TFSL,2016-12-31,False,Q1,2017,10-Q,103582000.0,,19406000.0,0.07,0.07,0.125,13189875000.0,,,39521000.0,1665333000.0,97156000.0,-201797000.0,199813000.0
ENSG,2016-12-31,False,FY,2016,10-K,1654864000.0,91847000.0,49990000.0,0.99,0.96,0.1625,1001025000.0,333862000.0,211928000.0,57706000.0,460495000.0,73888000.0,-210636000.0,152885000.0
GT,2016-12-31,False,FY,2016,10-K,15158000000.0,,1264000000.0,4.81,4.74,0.31,16511000000.0,5718000000.0,4817000000.0,1132000000.0,4725000000.0,1504000000.0,-973000000.0,-860000000.0
RMR,2016-12-31,False,Q1,2017,10-Q,105294000.0,75666000.0,23426000.0,1.46,1.46,0.0,392667000.0,155170000.0,30563000.0,74829000.0,291370000.0,24388000.0,-34000.0,-15348000.0
TSBK,2016-12-31,False,Q1,2016,10-Q,9163000.0,,3147000.0,0.46,0.43,0.09,923751000.0,,,16598000.0,99634000.0,5879000.0,-7344000.0,27994000.0
FOXA,2016-12-31,False,Q2,2017,10-Q,7682000000.0,,856000000.0,0.46,0.46,0.0,49207000000.0,15705000000.0,6749000000.0,4530000000.0,15555000000.0,1223000000.0,-250000000.0,-811000000.0
GROW,2016-12-31,False,Q2,2017,10-Q,73000.0,-234000.0,8000.0,0.0,0.0,0.0,26502000.0,17506000.0,1170000.0,3801000.0,25332000.0,718000.0,-555000.0,-305000.0
ULBI,2016-12-31,False,FY,2016,10-K,82460000.0,3763000.0,3509000.0,0.23,0.23,0.0,84744000.0,49514000.0,11328000.0,10629000.0,67860000.0,7653000.0,-11011000.0,-175000.0
UBNT,2016-12-31,False,Q2,2017,10-Q,213536000.0,69800000.0,60608000.0,0.74,0.72,0.0,905438000.0,886592000.0,119278000.0,612725000.0,574606000.0,75671000.0,-2836000.0,-11141000.0
UNIS,2016-12-31,False,Q2,2017,10-Q,2340000.0,-10446000.0,-15309000.0,-0.92,-0.92,0.0,82982000.0,21281000.0,24380000.0,9309000.0,-118092000.0,-23273000.0,-482000.0,14366000.0
USAT,2016-12-31,False,Q2,2017,10-Q,21756000.0,234000.0,233000.0,0.01,0.01,0.0,86398000.0,35093000.0,20322000.0,18034000.0,64630000.0,1122000.0,-1073000.0,-213000.0
VRNS,2016-12-31,False,FY,2016,10-K,164456000.0,-15694000.0,-17710000.0,-0.67,-0.67,0.0,181838000.0,171319000.0,88245000.0,48315000.0,82739000.0,7347000.0,-12345000.0,4072000.0
VSAT,2016-12-31,False,Q3,2017,10-Q,380630000.0,7591000.0,4243000.0,0.08,0.08,0.0,2883080000.0,751724000.0,278555000.0,284943000.0,1716642000.0,312679000.0,-463413000.0,393960000.0
VIAB,2016-12-31,False,Q1,2017,10-Q,3324000000.0,706000000.0,396000000.0,1.0,1.0,0.2,23312000000.0,4989000000.0,4205000000.0,443000000.0,4509000000.0,159000000.0,-349000000.0,292000000.0
VRTU,2016-12-31,False,Q3,2017,10-Q,217209000.0,6458000.0,4435000.0,0.15,0.15,0.0,892510000.0,460850000.0,121554000.0,133878000.0,558011000.0,21604000.0,58669000.0,-89829000.0
